2014 3008
742 248 1026 296 MARCUS
1071 249 1371 297 TULLIUS
1417 250 1667 298 CICERO

1123 490 1246 536 XXI
1254 491 1274 536 Ι

941 602 1115 633 clolano
1150 603 1322 633 Ar'r1co
1357 603 1454 634 SAL.

102 681 434 729 Scr.Brundisi
523 682 810 746 Diligenter
841 682 958 729 mihi
993 684 1283 730 fasciculum
1313 684 1532 732 reddidit
1562 684 1700 732 Balbi
1732 685 1942 734 tabella·

101 749 224 795 circa
247 747 307 795 K·
457 762 570 805 rius.
642 760 828 823 Accepi
849 763 982 806 enim
1004 776 1033 806 a
1052 767 1105 806 te
1125 759 1338 815 litteras,
1358 762 1538 823 quibus
1559 762 1738 810 videris
1759 766 1942 819 veveri,

102 814 225 879 sept·
251 832 295 862 a·
323 816 420 866 707
458 843 514 882 ut
553 836 792 899 epistulas
833 836 938 882 illas
978 840 1276 899 acceperim.
1345 837 1482 895 Quas
1521 838 1725 901 quidem
1763 838 1943 886 vellem

455 911 574 958 mihi
606 929 882 976 numquam
912 912 1165 967 redditas3
1213 921 1464 961 auxerunt
1493 917 1627 961 enim
1657 913 1777 961 mihi
1809 915 1940 963 dolo-

455 1006 578 1043 rem,
616 1005 725 1045 nec,
761 992 799 1036 si
838 994 887 1035 in
924 989 1143 1052 aliquem
1179 990 1489 1047 incidissent,
1525 994 1795 1055 quicquam
1830 995 1939 1039 novi

454 1066 759 1113 attulissent.
830 1065 965 1124 Quid
982 1069 1116 1113 enim
1133 1075 1240 1112 tam
1258 1067 1610 1131 pervulgatum
1634 1085 1788 1132 quam
1812 1068 1942 1115 illius

454 1145 503 1188 in
547 1160 628 1189 me
672 1142 841 1189 odium
885 1151 939 1190 et
980 1159 1140 1207 genus
1184 1142 1276 1190 hoc
1319 1143 1635 1191 litterarum?
1697 1145 1833 1208 quod
1875 1162 1940 1192 ne

451 1219 635 1266 Caesar
675 1219 878 1282 quidem
919 1219 984 1266 ad
1023 1223 1143 1266 istos
1185 1220 1382 1266 videtur
1420 1223 1630 1277 misisse,
1670 1225 1810 1285 quasi
1855 1226 1938 1285 qui

449 1295 578 1343 illius
607 1297 931 1359 improbitate
959 1295 1317 1351 offenderetur,
1333 1297 1439 1353 sed,
1455 1297 1623 1353 credo,
1639 1300 1714 1344 uti
1743 1301 1939 1346 notiora

450 1381 621 1419 nostra
645 1373 777 1419 mala
801 1380 986 1420 essent.
1059 1373 1204 1428 Nam,
1230 1374 1365 1436 quod
1388 1381 1442 1420 te
1467 1377 1627 1421 vereri
1651 1376 1844 1432 scribis,
1870 1391 1936 1423 ne

448 1449 513 1495 illi
556 1451 740 1503 obsint,
780 1452 928 1512 eique
970 1452 1037 1497 rei
1080 1450 1288 1506 mederi,
1331 1467 1393 1497 ne
1434 1454 1595 1514 rogari
1638 1451 1846 1514 quidem
1885 1469 1939 1500 se

448 1543 622 1590 passus
645 1534 724 1573 est
746 1526 809 1573 de
832 1526 930 1573 illo.
1000 1525 1148 1584 Quod
1172 1526 1376 1589 quidem
1400 1526 1519 1573 mihi
1546 1527 1814 1575 molestum
1838 1545 1939 1576 non

450 1611 555 1657 est3
601 1603 721 1650 illud
745 1602 1021 1656 molestius,
1047 1607 1167 1650 istas
1191 1606 1573 1666 impetrationes
1599 1612 1795 1652 nostras
1818 1605 1939 1652 nihil

452 1680 633 1727 valere.

511 1757 663 1812 Sulla,
689 1765 746 1804 ut
771 1760 961 1819 opinor,
986 1774 1094 1804 cras
1121 1760 1217 1804 erit
1242 1756 1322 1803 hic
1347 1774 1461 1804 cum
1489 1756 1741 1805 Messalla.
1812 1758 1930 1806 Cur-

448 1841 566 1881 runt
590 1834 654 1879 ad
674 1833 815 1879 illum
836 1833 962 1896 pulsi
986 1850 1015 1879 a
1035 1833 1296 1889 militibus,
1317 1837 1401 1897 qui
1423 1851 1475 1880 se
1497 1842 1688 1898 negant
1709 1852 1936 1899 usquam,

447 1914 536 1957 nisi
561 1914 863 1973 acceperint.
926 1910 1058 1974 Ergo
1080 1910 1161 1957 ille
1184 1911 1280 1956 huc
1302 1914 1487 1966 veniet,
1509 1911 1642 1974 quod
1667 1928 1766 1959 non
1788 1920 1934 1976 puta—

446 1988 588 2042 bant,
607 1987 751 2034 tarde
772 1986 989 2049 quidem.
1060 1986 1253 2033 Itinera
1274 1990 1406 2034 enim
1426 1992 1499 2034 ita
1516 1987 1656 2044 facit,
1675 1995 1733 2035 ut
1751 1989 1935 2036 multos

446 2063 552 2110 dies
569 2066 620 2109 in
638 2063 822 2126 oppido
842 2080 939 2110 uno
959 2062 976 2092 ¹
996 2071 1166 2126 ponat.
1222 2063 1505 2110 Pharnaces
1524 2072 1717 2121 autem,
1734 2083 1936 2129 quoquo

445 2140 595 2186 modo
615 2148 752 2203 aget,
772 2138 970 2186 adferet
990 2157 1195 2186 moram.
1254 2139 1388 2198 Quid
1407 2139 1526 2186 mffli
1550 2143 1707 2205 igitur
1725 2143 1934 2190 censes?

447 2217 555 2262 Iam
577 2220 709 2262 enim
729 2217 933 2279 corpore
956 2220 1034 2262 vix
1055 2220 1279 2264 sustineo
1297 2219 1601 2280 gravitatem
1623 2216 1767 2265 huius
1787 2218 1930 2274 caeli,

446 2309 575 2355 quae
612 2292 729 2338 mihi
770 2292 989 2339 laborem
1027 2293 1193 2339 adfert
1228 2296 1278 2338 in
1314 2293 1496 2340 dolore.
1568 2294 1648 2340 An
1697 2293 1771 2341 his
1820 2295 1934 2342 illuc

446 2370 682 2415 euntibus
702 2369 956 2423 mandem,
977 2377 1033 2415 ut
1053 2386 1134 2415 me
1156 2377 1416 2425 excusent,
1436 2372 1542 2432 ipse
1562 2370 1800 2417 accedam
1820 2388 1928 2434 pro-

444 2445 590 2508 pius?
657 2444 876 2503 Quaeso,
899 2445 1111 2492 attende
1136 2453 1190 2492 et
1212 2462 1311 2501 me,
1336 2446 1469 2509 quod
1494 2445 1655 2493 adhuc
1679 2463 1832 2511 saepe
1855 2464 1930 2495 ro·

674 2565 688 2589 ¹
717 2565 878 2615 oppido
903 2577 987 2604 uno
1011 2565 1291 2616 Peerlkamp:
1329 2565 1538 2617 oppidum
1563 2566 1694 2606 MSS.

442 2642 532 2698 416
