1942 3022
628 208 911 256 MARCUS
956 208 1256 256 TULLIUS
1303 209 1553 257 CICERO

347 336 527 383 Nescio
553 339 704 391 enim,
728 353 831 391 cur,
856 352 970 382 cum
995 343 1193 399 portam
1220 336 1607 384 Flumentanam
1633 336 1834 385 Caelius

346 405 620 464 occuparit,
646 419 740 465 ego
766 401 1001 448 Puteolos
1025 419 1126 449 non
1149 419 1287 449 meos
1312 402 1509 449 faciam.

411 469 571 515 Venio
593 468 657 514 ad
678 468 704 484 ‘⁶
731 467 991 524 Piraeea‚''
1012 471 1063 514 in
1084 485 1184 532 quo
1204 472 1365 532 magis
1385 469 1832 532 reprehendendus

349 551 476 590 sum,
494 534 630 597 quod
646 534 795 580 homo
812 534 1067 581 Romanus
1085 534 1112 551 “
1138 533 1348 582 Piraeea
1372 533 1399 550 '’
1417 538 1718 598 scripserim,
1735 552 1836 582 non

352 600 379 617 “
404 599 637 647 Piraeum
661 599 688 616 ''
708 601 798 663 (sic
817 604 951 647 enim
969 617 1142 648 omnes
1160 603 1319 648 nostri
1334 601 1489 648 locuti
1508 602 1664 664 sunt),
1682 618 1836 664 quam

347 667 483 730 quod
500 667 779 713 addiderim
797 667 823 682 ‘⁶
849 666 951 713 in.''
1020 667 1133 714 Non
1151 670 1286 714 enirn
1301 667 1395 714 hoc
1413 675 1471 714 ut
1487 668 1674 731 oppido
1690 685 1834 731 prae-

346 736 507 796 posui,
541 733 631 779 sed
662 740 720 779 ut
752 733 874 779 loco.
945 733 1012 779 Et
1044 741 1220 781 tamen
1254 734 1525 797 Dionysius
1558 742 1729 781 noster
1763 742 1833 790 et,

347 803 433 862 qui
463 806 540 846 est
568 801 844 855 nobiscum,
874 799 1042 846 Nicias
1071 800 1202 847 Cous
1231 816 1331 846 non
1358 801 1566 847 rebatur
1593 801 1835 864 oppidum

348 882 457 912 esse
499 864 721 912 Piraeea.
809 865 909 912 Sed
948 866 1012 912 de
1052 883 1106 913 re
1147 883 1242 930 ego
1262 866 1281 895 ¹
1322 866 1506 913 videro.
1594 866 1836 914 Nostrum

348 932 553 995 quidem
585 935 624 978 si
657 939 734 979 est
764 939 1050 995 peccatum,
1082 936 1134 978 in
1165 949 1226 979 eo
1258 940 1353 988 est,
1385 933 1520 996 quod
1550 949 1652 979 non
1682 940 1740 979 ut
1771 933 1836 980 de

348 998 532 1061 oppido
560 998 755 1045 locutus
785 1015 912 1054 sum,
941 999 1030 1046 sed
1058 1006 1116 1046 ut
1143 999 1208 1046 de
1236 998 1362 1055 loco,
1391 1006 1697 1063 secutusque
1725 1016 1838 1046 sum

348 1081 448 1111 non
473 1065 584 1111 dico
609 1065 908 1112 Caecilium:

590 1157 617 1173 “
645 1157 800 1204 Mane
826 1166 883 1205 ut
907 1175 970 1205 ex
994 1165 1144 1222 portu
1167 1160 1219 1204 1‘n
1243 1157 1478 1206 Piraeum
1502 1157 1530 1174 ''

350 1254 529 1317 (malus
562 1258 696 1300 enim
727 1262 901 1301 auctor
933 1254 1225 1302 Latinitatis
1258 1256 1373 1318 est),
1405 1254 1495 1302 sed
1524 1255 1839 1312 Terentium,

349 1325 488 1368 cuius
535 1320 750 1368 fabellae
796 1328 1003 1384 propter
1050 1321 1358 1385 elegantiam
1404 1325 1646 1369 sermonis
1692 1330 1839 1386 puta-

349 1389 535 1435 bantur
560 1404 589 1433 a
613 1387 667 1434 C.
696 1387 867 1434 Laelio
892 1388 1067 1434 scribi:

384 1480 410 1496 ‘⁴
437 1481 561 1527 Heri
589 1480 781 1544 aliquot
811 1481 1175 1528 adulescentuli
1206 1482 1412 1528 cofimus
1441 1484 1493 1527 in
1523 1479 1808 1538 Piraeum,'’

352 1584 405 1624 et
429 1577 591 1624 idem:

495 1670 520 1685 “
548 1669 806 1717 Mercator
828 1669 922 1717 hoc
947 1670 1188 1727 addebat,
1212 1679 1415 1734 captam
1441 1687 1468 1717 e
1492 1669 1698 1717 Slinio.''

353 1767 544 1825 Quodsi
585 1767 755 1829 δήμους
799 1767 984 1830 oppida
1018 1768 1243 1814 volumus
1285 1784 1411 1823 esse,
1446 1775 1554 1814 tam
1589 1775 1667 1814 est
1702 1771 1841 1831 oppi-

354 1835 475 1880 dum
497 1833 705 1880 Sunium
728 1850 880 1896 quam
903 1832 1122 1880 Piraeus.
1191 1833 1309 1890 Sed,
1332 1837 1569 1897 quoniam
1590 1851 1841 1898 gramma-

354 1903 484 1946 ticus
518 1916 588 1956 es,
621 1903 660 1946 si
693 1899 786 1946 hoc
819 1899 940 1946 mihi
973 1902 1155 1963 ζήτημα
1187 1900 1500 1964 persolveris,
1533 1917 1718 1964 magna
1761 1917 1843 1948 me
1883 1955 1885 1958 Α

355 1966 587 2013 molestia
608 1966 847 2012 liberaris.

419 2032 508 2079 Ille
533 2032 656 2078 mihi
677 2033 874 2079 litteras
897 2031 1107 2079 blandas
1130 2035 1318 2088 mittit3
1360 2032 1482 2079 facit
1504 2032 1641 2079 idem
1664 2048 1757 2095 pro.
1780 2049 1840 2079 eo

357 2098 554 2145 Balbus.
627 2098 753 2144 Mihi
779 2106 975 2145 certum
1000 2106 1078 2146 est
1103 2099 1166 2145 ab
1191 2098 1561 2146 honestissuma
1584 2102 1846 2146 sententia

356 2165 575 2228 digitum
607 2182 869 2228 nusquam.
938 2165 1038 2212 Sed
1069 2169 1180 2221 scis,
1210 2165 1281 2211 illi
1312 2164 1561 2228 reliquum
1594 2172 1843 2228 quantum

356 2234 435 2277 sit.
505 2230 726 2277 Putasne
749 2234 904 2295 igitur
927 2231 1204 2278 verendum
1228 2247 1354 2288 esse,
1378 2247 1442 2278 ne
1467 2238 1556 2278 aut
1579 2232 1768 2278 obiciat
1791 2232 1844 2279 id

357 2298 497 2343 nobis
533 2298 726 2360 aliquis,
760 2301 800 2344 si
834 2297 1134 2361 languidius,
1170 2305 1259 2344 aut
1291 2305 1512 2360 repetat,
1547 2300 1587 2344 si
1621 2297 1834 2345 fortius?

357 2363 491 2421 Quid
511 2363 575 2410 ad
594 2363 718 2410 haec
735 2365 958 2426 reperis?
1026 2363 1052 2379 “
1078 2362 1386 2419 Solvamus,”
1406 2366 1583 2427 inquis.
1653 2365 1785 2428 Age,
1805 2381 1836 2411 a

415 2472 430 2494 ¹
458 2484 503 2510 re
540 2483 618 2522 ego
656 2471 760 2511 Reid
773 2487 783 2518 ;
838 2484 883 2511 re
921 2471 955 2510 L
992 2476 1172 2523 (mar-90,
1214 2472 1265 2511 M
1304 2472 1443 2521 (above
1480 2471 1545 2512 the
1583 2472 1714 2523 line):
1770 2484 1842 2511 reo

359 2524 583 2563 NOPM1:
621 2537 670 2563 eo
692 2525 743 2563 M
749 2525 779 2564 ².

360 2601 416 2646 28
