1988 3008
720 255 1034 303 .MARCUS
1078 253 1379 302 TULLIUS
1425 253 1676 302 CICERO

469 387 608 432 cuius
654 401 855 431 causam
891 400 989 429 non
1023 385 1317 445 reciperem.
1395 381 1607 445 Semper
1641 383 1806 429 enim:
1859 380 1888 399 “
1911 381 1960 430 Si

471 458 664 514 potem,
723 453 761 497 si
822 457 941 496 ante
1000 456 1235 512 suscepta
1291 464 1443 495 causa
1499 464 1600 495 non
1657 447 1961 511 impediar.”-

473 517 760 579 Numquam
801 532 888 563 reo
929 518 1164 578 cuiquam
1206 522 1313 561 tam
1355 514 1548 571 humili,
1589 521 1697 561 tam
1739 515 1961 571 sordido,

471 591 577 630 tam
607 585 827 638 nocenti,
855 589 964 629 tam
994 582 1156 629 alieno
1186 588 1293 628 tam
1322 584 1546 644 praecise
1577 583 1776 645 negavi,
1809 597 1963 645 quam

471 649 551 695 hic
577 649 697 695 mihi
725 648 873 711 plane
901 651 1007 695 sine
1035 647 1137 695 ulla
1165 650 1465 710 exceptione
1492 648 1753 711 praecidit.
1828 647 1964 695 Nihil

472 719 679 778 cognovi
710 717 984 778 ingratius3
1030 717 1082 761 in
1110 731 1210 777 quo
1239 717 1360 761 vitio
1390 713 1510 760 nihil
1539 714 1656 761 mali
1685 730 1784 761 non
1812 717 1959 762 inest.

473 782 573 829 Sed
597 782 660 828 de
686 780 778 827 hoc
803 784 948 827 nimis
972 780 1148 827 multa.

537 848 646 911 Ego
671 864 852 894 navem
875 850 1061 910 paravi.
1129 846 1262 893 Tuas
1285 846 1482 893 litteras
1505 853 1678 893 tamen
1704 853 1963 910 exspectO,

474 921 532 960 ut
557 917 727 970 sciam,
753 914 874 976 quid
898 913 1239 976 respondeant
1263 913 1619 960 consultationi
1644 929 1805 960 meae.
1855 913 1962 960 Sul-

474 997 622 1027 mone
647 980 701 1027 C.
726 980 903 1026 Atium
928 978 1224 1043 Paelignum
1249 982 1504 1042 aperuisse
1527 980 1751 1026 Antonio
1773 986 1962 1043 portas,

474 1064 588 1092 cum
632 1053 801 1093 essent
842 1045 1073 1093 cohortes
1116 1049 1357 1109 quinque,
1401 1045 1462 1104 Q.
1509 1045 1800 1093 Lucretium
1846 1046 1962 1093 inde

475 1112 706 1175 effugisse
755 1116 866 1167 scis,
917 1113 1147 1159 Gnaeum
1198 1116 1269 1159 ire
1319 1112 1655 1169 Brundisium,
1704 1112 1964 1160 desertum

475 1179 793 1226 Domitium.l
862 1178 1106 1226 Confecta
1129 1195 1208 1226 res
1233 1186 1325 1226 est.

1196 1359 1242 1407 V

955 1447 1136 1505 ‘CICERO
1170 1473 1343 1505 ATTICO
1377 1473 1475 1505 SAL.

129 1552 224 1600 Scr.
260 1552 307 1600 in
341 1552 453 1599 For·
541 1554 667 1601 Cum
702 1561 821 1601 ante
854 1553 1017 1601 lucem
1052 1571 1143 1601 vm
1182 1554 1293 1601 Kal.
1329 1554 1525 1602 litteras
1559 1553 1624 1602 ad
1656 1560 1710 1602 te
1744 1553 1808 1602 de
1843 1554 1962 1602 Dio-

129 1620 279 1667 miano
315 1619 426 1675 VII,
478 1625 619 1685 nysio
646 1622 915 1677 dedissem,
942 1624 1138 1684 vesperi
1166 1621 1231 1668 ad
1257 1638 1346 1668 nos
1375 1621 1555 1668 eodem
1583 1621 1664 1668 die
1692 1624 1832 1668 venit
1858 1625 1966 1685 ipse

128 1694 176 1733 ut
199 1686 387 1742 videtur,
479 1689 767 1752 Dionysius,
782 1691 1084 1735 auctoritate
1099 1695 1189 1734 tua
1203 1694 1551 1750 permotus,ut
1565 1690 1814 1751 suspicor;
1846 1687 1968 1752 quid

129 1752 189 1798 K.
229 1752 374 1799 Mart.
410 1768 454 1798 a.
481 1757 613 1802 enim
639 1761 817 1817 putem
843 1754 1012 1801 aliud?
1080 1755 1188 1801 Etsi
1217 1754 1345 1801 solet
1372 1771 1507 1811 eum,
1532 1770 1647 1801 cum
1674 1753 1864 1818 aliquid
1889 1753 1965 1801 fu·

131 1820 222 1869 705
478 1824 606 1868 riose
629 1820 768 1877 fecit,
790 1823 1065 1883 paenitere.
1112 1821 1402 1884 Numquam
1425 1827 1598 1868 autem
1619 1823 1845 1868 cerritior
1866 1819 1967 1868 fuit

481 1904 631 1950 quam
657 1890 708 1933 in
733 1886 826 1934 hoc
851 1890 1072 1951 negotio.
1126 1887 1274 1944 Nam,
1301 1887 1436 1950 quod
1462 1887 1526 1935 ad
1551 1894 1605 1934 te
1631 1903 1732 1934 non
1757 1889 1965 1951 scripse-

480 1971 603 2009 ram,
627 1960 803 2017 postea
828 1954 993 2000 audivi
1019 1971 1048 2000 a
1071 1957 1226 2001 tertio
1249 1954 1461 2001 miliario
1484 1961 1594 2001 tum
1621 1970 1738 2001 eum
1760 1956 1858 2001 isse

661 2053 820 2098 πολλὰ
842 2051 993 2113 μάτην
1017 2052 1263 2114 κεράεσσιν
1288 2054 1332 2102 ἐς
1355 2051 1470 2114 ἠέρα
1493 2052 1770 2114 θυμήναντα,

481 2145 656 2202 multa,
695 2149 917 2209 inquam,
955 2146 1088 2193 mala
1124 2163 1239 2193 cum
1277 2146 1515 2194 dixisset:
1571 2162 1661 2194 suo
1697 2148 1871 2209 capiti,
1909 2153 1969 2194 ut

482 2216 637 2259 aiunt.
706 2212 805 2260 Sed
831 2230 895 2260 en
918 2230 1086 2260 meam
1111 2213 1580 2260 mansuetudinem!
1640 2212 1966 2260 Conieceram

483 2283 532 2324 in
562 2278 852 2325 fasciculum
883 2296 984 2326 una
1012 2296 1126 2326 cum
1157 2287 1247 2326 tua
1278 2286 1567 2326 vementem
1598 2279 1662 2326 ad
1693 2279 1832 2326 illum
1863 2282 1966 2344 epi-

483 2344 679 2391 stulam.
731 2345 874 2392 Hanc
900 2346 964 2392 ad
988 2362 1070 2393 me
1095 2345 1268 2393 referri
1297 2346 1406 2393 volo
1431 2362 1524 2393 nec
1550 2345 1702 2392 ullam
1727 2346 1792 2394 ob
1817 2345 1966 2393 aliam
1987 2378 1988 2413 ¹

837 2450 854 2475 ²
882 2450 1125 2490 Domitium
1145 2451 1183 2491 is
1200 2451 1331 2491 added
1348 2451 1399 2501 by
1419 2450 1609 2502 Lipsius.

480 2530 618 2538 —-

982 2576 997 2601 ²
1028 2576 1196 2617 Author
1233 2577 1461 2618 unknown.

487 2654 571 2698 116
