1988 3008
111 1487 206 1534 Ser.
243 1487 289 1534 in
324 1487 436 1533 For·

110 1554 261 1600 miano
294 1553 391 1601 VII

111 1619 171 1666 K.
200 1619 366 1673 Mart„
391 1627 438 1666 ut

110 1686 299 1742 videtur,
323 1704 365 1733 a.

112 1754 140 1802 7
141 1754 204 1802 05

739 255 1021 303 MARCUS
1065 254 1366 303 TULLIUS
1413 253 1663 302 CICERO

456 392 704 432 mutasset
733 384 1060 448 neglegentia
1088 382 1182 430 hoc
1213 383 1349 446 quod
1377 399 1494 428 cum
1522 381 1724 429 fortiter
1753 388 1807 428 et
1837 381 1943 428 dili·

456 469 638 526 genter
661 469 773 508 tum
799 464 954 507 etiam
978 459 1315 512 mehercule.†

522 538 679 584 Modo
726 540 860 584 enim
906 536 1072 583 audivi
1119 542 1421 599 quartanam
1467 551 1497 581 a
1540 540 1595 582 te
1641 533 1941 581 discessisse.

458 614 664 670 Moriar,
707 617 746 660 si
787 616 948 678 magis
989 612 1283 677 gauderem,
1325 614 1364 658 si
1406 611 1459 658 id
1490 609 1620 657 mihi
1663 610 1942 657 accidisset.

459 689 612 737 Piliae
635 691 714 737 dic
734 706 833 737 non
856 706 964 737 esse
987 706 1207 753 aequum
1228 705 1342 735 eam
1362 688 1551 735 diutius
1570 686 1760 734 habere
1781 703 1875 733 nec
1893 686 1945 733 id

460 784 568 814 esse
595 775 790 814 vestrae
815 767 1125 814 concordiae.
1185 765 1422 813 Tironem
1445 771 1674 811 nostrum
1698 764 1762 810 ab
1786 762 1946 830 altera

458 844 689 895 relictum
717 844 879 891 audio.
941 843 1042 891 Sed
1068 860 1185 890 eum
1211 842 1357 889 video
1383 844 1434 888 in
1460 847 1720 904 sumptum
1747 841 1811 887 ab
1837 839 1944 886 aliis

458 928 748 968 mutuatum
765 936 776 976 3
816 937 911 984 ego
932 928 1106 967 autem
1127 920 1333 966 Curium
1353 925 1598 973 nostrum,
1619 920 1659 964 si
1680 916 1801 980 quid
1821 933 1945 979 opus

458 1005 609 1054 esset,
636 1014 882 1061 rogaram.
949 997 1089 1043 Malo
1116 998 1309 1043 Tironis
1338 994 1693 1042 verecundiam
1721 996 1773 1039 in
1800 993 1946 1058 culpa

459 1092 566 1121 esse
592 1092 742 1138 quam
767 1074 1178 1121 inliberalitatem
1202 1073 1334 1120 Curi.

1141 1267 1240 1314 VII

944 1391 1117 1421 CICERO
1153 1391 1325 1422 ATTICO
1360 1392 1457 1424 SAL.

524 1481 695 1528 Unum
719 1484 874 1528 etiam
896 1489 1055 1528 restat
1078 1485 1238 1529 amico
1260 1491 1431 1530 nostro
1453 1484 1517 1530 ad
1539 1501 1687 1532 omne
1710 1484 1947 1540 dedecuS,

461 1566 517 1605 ut
551 1559 777 1605 Domitio
810 1575 909 1604 non
930 1558 1211 1606 subveniat.
1267 1558 1294 1575 “
1321 1560 1392 1606 At
1412 1576 1562 1607 nemo
1583 1561 1804 1617 dubitat,
1826 1564 1948 1625 quin

461 1635 679 1682 subsidio
698 1642 938 1682 venturus
957 1634 1074 1682 sit.’'
1126 1636 1237 1699 Ego
1256 1652 1356 1682 non
1373 1643 1514 1699 puto.
1568 1637 1595 1654 ‘⁶
1621 1637 1841 1685 Deseret
1858 1641 1948 1702 igi-

462 1720 543 1758 tur
561 1712 717 1758 talem
735 1715 895 1758 civem
915 1719 967 1758 et
986 1728 1089 1768 eos,
1108 1729 1232 1775 quos
1251 1729 1352 1759 una
1369 1716 1463 1760 scis
1483 1730 1610 1771 esse,
1628 1731 1743 1761 cum
1760 1714 1949 1762 habeat

461 1792 758 1852 praesertim
810 1792 849 1835 is
901 1792 1007 1851 ipse
1059 1789 1290 1836 cohortes
1342 1791 1588 1854 triginta?
1614 1789 1641 1806 ''
1711 1791 1815 1838 Nisi
1867 1808 1949 1838 me

461 1869 628 1912 omnia
689 1865 886 1920 fallunt,
949 1865 1166 1912 deseret.
1239 1866 1607 1914 Incredibiliter
1668 1870 1949 1931 pertimuit,

461 1941 581 1988 nihil
614 1949 812 2004 spectat
845 1945 936 1987 nisi
970 1941 1159 2006 fugam.
1230 1942 1321 1989 Cui
1354 1950 1412 1990 tu
1444 1943 1612 2005 (video
1645 1947 1797 2000 enim,
1830 1944 1950 2008 quid

462 2019 668 2080 sentias)
699 2035 781 2065 me
812 2021 1050 2065 comitem
1079 2026 1229 2081 putas
1260 2019 1448 2067 debere
1479 2036 1603 2067 esse.
1671 2021 1780 2084 Ego
1811 2037 1946 2076 vero,

462 2111 612 2157 quem
634 2094 842 2158 fugiam,
863 2094 1044 2151 habeo,
1066 2111 1218 2159 quem
1239 2112 1438 2159 sequar,
1458 2113 1558 2143 non
1580 2097 1758 2144 habeo.
1801 2096 1950 2156 Quod

463 2174 595 2216 enim
628 2177 685 2217 tu
717 2188 887 2217 meum
920 2171 1094 2218 laudas
1127 2179 1180 2218 et
1212 2173 1596 2219 memorandum
1627 2173 1769 2229 dicis,
1801 2173 1950 2220 malle

462 2247 597 2309 quod
621 2247 833 2293 dixerim
858 2264 940 2294 me
964 2265 1079 2294 cum
1105 2246 1345 2312 Pompeio
1370 2252 1498 2296 vinci
1525 2266 1677 2312 quam
1701 2266 1817 2296 cum
1840 2253 1949 2296 istis

462 2326 677 2379 vincere,
713 2340 808 2387 ego
843 2340 959 2370 vero
993 2324 1142 2380 malo,
1179 2325 1267 2372 sed
1301 2342 1415 2372 cum
1449 2326 1533 2372 illo
1569 2324 1826 2389 Pompeio,
1862 2329 1946 2390 qui

462 2405 571 2444 tum
597 2406 724 2454 erat,
749 2407 837 2446 aut
862 2403 946 2463 qui
971 2401 1089 2446 mihi
1118 2417 1226 2448 esse
1253 2402 1535 2458 videbatur,
1559 2418 1674 2448 cum
1697 2401 1792 2449 hoc
1816 2419 1950 2458 vero,

464 2478 546 2537 qui
578 2482 696 2521 ante
726 2474 874 2539 fugit,
903 2494 1055 2539 quam
1084 2480 1195 2532 scit,
1224 2485 1313 2524 aut
1342 2495 1494 2541 quem
1523 2477 1686 2542 fugiat
1716 2486 1803 2525 aut
1834 2495 1949 2542 qUO,

463 2554 545 2613 qui
578 2558 748 2598 nostra
775 2553 1003 2610 tradidit,
1033 2557 1115 2617 qui
1146 2557 1365 2617 patriam
1396 2554 1616 2619 reliquit,
1647 2554 1846 2601 Italiam
1876 2559 1950 2602 r'e-

468 2664 552 2695 120
