<?xml version="1.0" encoding="UTF-8"?>
<!DOCTYPE html PUBLIC "-//W3C//DTD XHTML 1.0 Transitional//EN"
    "http://www.w3.org/TR/xhtml1/DTD/xhtml1-transitional.dtd">
<html xmlns="http://www.w3.org/1999/xhtml" xml:lang="en" lang="en">
 <head>
  <title>
</title>
<meta http-equiv="Content-Type" content="text/html;charset=utf-8" />
  <meta name='ocr-system' content='tesseract 3.04.00' />
  <meta name='ocr-capabilities' content='ocr_page ocr_carea ocr_par ocr_line ocrx_word'/>
</head>
<body>
  <div class='ocr_page' id='page_1' title='image "./letterstoatticu02ciceuoft/letterstoatticu02ciceuoft_0266.png"; bbox 0 0 1988 3008; ppageno 0'>
   <div class='ocr_carea' id='block_1_1' title="bbox 63 1448 358 1563">
    <p class='ocr_par' dir='ltr' id='par_1_1' title="bbox 63 1448 358 1563">
     <span class='ocr_line' id='line_1_1' title="bbox 63 1448 358 1496; baseline 0 0"><span class='ocrx_word' id='word_1_1' title='bbox 63 1448 160 1496; x_wconf 82' lang='lat' dir='ltr'>Ser.</span> <span class='ocrx_word' id='word_1_2' title='bbox 186 1448 358 1496; x_wconf 86' lang='lat' dir='ltr'>Romae</span> 
     </span>
     <span class='ocr_line' id='line_1_2' title="bbox 63 1515 327 1563; baseline 0.004 -1"><span class='ocrx_word' id='word_1_3' title='bbox 63 1516 167 1562; x_wconf 81' lang='lat' dir='ltr'>circ.</span> <span class='ocrx_word' id='word_1_4' title='bbox 196 1516 241 1561; x_wconf 91' lang='lat' dir='ltr'><em>X</em></span> <span class='ocrx_word' id='word_1_5' title='bbox 267 1515 327 1563; x_wconf 89' lang='grc' dir='ltr'>Κ.</span> 
     </span>
    </p>
   </div>
   <div class='ocr_carea' id='block_1_2' title="bbox 64 1582 295 1647">
    <p class='ocr_par' dir='ltr' id='par_1_2' title="bbox 64 1582 295 1647">
     <span class='ocr_line' id='line_1_3' title="bbox 64 1582 295 1647; baseline 0.017 -18"><span class='ocrx_word' id='word_1_6' title='bbox 64 1582 103 1629; x_wconf 87' lang='lat' dir='ltr'><em>A</em></span> <span class='ocrx_word' id='word_1_7' title='bbox 102 1600 176 1647; x_wconf 83' lang='lat' dir='ltr'>pr.</span> <span class='ocrx_word' id='word_1_8' title='bbox 203 1584 295 1633; x_wconf 80' lang='lat'>705</span> 
     </span>
    </p>
   </div>
   <div class='ocr_carea' id='block_1_3' title="bbox 699 196 1625 246">
    <p class='ocr_par' dir='ltr' id='par_1_3' title="bbox 699 196 1625 246">
     <span class='ocr_line' id='line_1_4' title="bbox 699 196 1625 246; baseline 0.002 -2"><span class='ocrx_word' id='word_1_9' title='bbox 699 196 982 245; x_wconf 89' lang='lat' dir='ltr'>MARCUS</span> <span class='ocrx_word' id='word_1_10' title='bbox 1025 196 1327 245; x_wconf 93' lang='lat' dir='ltr'>TULLIUS</span> <span class='ocrx_word' id='word_1_11' title='bbox 1372 197 1625 246; x_wconf 85' lang='lat' dir='ltr'>CICERO</span> 
     </span>
    </p>
   </div>
   <div class='ocr_carea' id='block_1_4' title="bbox 413 323 1908 1206">
    <p class='ocr_par' dir='ltr' id='par_1_4' title="bbox 413 323 1908 1206">
     <span class='ocr_line' id='line_1_5' title="bbox 417 323 1907 391; baseline 0.003 -20"><span class='ocrx_word' id='word_1_12' title='bbox 417 325 537 372; x_wconf 86' lang='lat' dir='ltr'>nihil</span> <span class='ocrx_word' id='word_1_13' title='bbox 564 327 810 372; x_wconf 88' lang='lat' dir='ltr'>miserius.</span> <span class='ocrx_word' id='word_1_14' title='bbox 881 323 1148 389; x_wconf 88' lang='lat' dir='ltr'>Pompeius</span> <span class='ocrx_word' id='word_1_15' title='bbox 1176 325 1237 372; x_wconf 91' lang='lat' dir='ltr'>N.</span> <span class='ocrx_word' id='word_1_16' title='bbox 1270 325 1502 390; x_wconf 86' lang='lat' dir='ltr'>Magium</span> <span class='ocrx_word' id='word_1_17' title='bbox 1529 326 1593 374; x_wconf 91' lang='lat' dir='ltr'>de</span> <span class='ocrx_word' id='word_1_18' title='bbox 1619 340 1744 391; x_wconf 89' lang='lat' dir='ltr'>pace</span> <span class='ocrx_word' id='word_1_19' title='bbox 1770 330 1907 376; x_wconf 81' lang='lat' dir='ltr'>misit</span> 
     </span>
     <span class='ocr_line' id='line_1_6' title="bbox 417 398 1908 464; baseline 0.003 -19"><span class='ocrx_word' id='word_1_20' title='bbox 417 406 471 446; x_wconf 93' lang='lat' dir='ltr'>et</span> <span class='ocrx_word' id='word_1_21' title='bbox 492 406 666 445; x_wconf 85' lang='lat' dir='ltr'>tamen</span> <span class='ocrx_word' id='word_1_22' title='bbox 688 406 1023 462; x_wconf 78' lang='lat' dir='ltr'><strong>oppugnatur.</strong></span> <span class='ocrx_word' id='word_1_23' title='bbox 1093 398 1243 458; x_wconf 79' lang='lat' dir='ltr'>Quod</span> <span class='ocrx_word' id='word_1_24' title='bbox 1265 416 1360 464; x_wconf 87' lang='lat' dir='ltr'>ego</span> <span class='ocrx_word' id='word_1_25' title='bbox 1382 417 1483 448; x_wconf 89' lang='lat' dir='ltr'>non</span> <span class='ocrx_word' id='word_1_26' title='bbox 1509 401 1797 458; x_wconf 91' lang='lat' dir='ltr'>credebam,</span> <span class='ocrx_word' id='word_1_27' title='bbox 1818 402 1908 450; x_wconf 90' lang='lat' dir='ltr'>sed</span> 
     </span>
     <span class='ocr_line' id='line_1_7' title="bbox 416 472 1901 539; baseline 0.003 -21"><span class='ocrx_word' id='word_1_28' title='bbox 416 472 580 519; x_wconf 88' lang='lat' dir='ltr'>habeo</span> <span class='ocrx_word' id='word_1_29' title='bbox 602 489 632 518; x_wconf 89' lang='lat' dir='ltr'>a</span> <span class='ocrx_word' id='word_1_30' title='bbox 652 472 809 519; x_wconf 85' lang='lat' dir='ltr'>Balbo</span> <span class='ocrx_word' id='word_1_31' title='bbox 830 473 1044 530; x_wconf 77' lang='lat' dir='ltr'>litteras,</span> <span class='ocrx_word' id='word_1_32' title='bbox 1066 490 1279 536; x_wconf 89' lang='lat' dir='ltr'>quarum</span> <span class='ocrx_word' id='word_1_33' title='bbox 1302 474 1366 520; x_wconf 91' lang='lat' dir='ltr'>ad</span> <span class='ocrx_word' id='word_1_34' title='bbox 1386 481 1440 521; x_wconf 92' lang='lat' dir='ltr'>te</span> <span class='ocrx_word' id='word_1_35' title='bbox 1463 475 1753 539; x_wconf 88' lang='lat' dir='ltr'>exemplum</span> <span class='ocrx_word' id='word_1_36' title='bbox 1774 479 1901 523; x_wconf 90' lang='lat' dir='ltr'>misi.</span> 
     </span>
     <span class='ocr_line' id='line_1_8' title="bbox 419 546 1903 613; baseline 0.001 -19"><span class='ocrx_word' id='word_1_37' title='bbox 419 547 577 611; x_wconf 87' lang='lat' dir='ltr'><strong>Lege,</strong></span> <span class='ocrx_word' id='word_1_38' title='bbox 595 563 799 610; x_wconf 84' lang='lat' dir='ltr'>quaeso,</span> <span class='ocrx_word' id='word_1_39' title='bbox 817 554 870 594; x_wconf 90' lang='lat' dir='ltr'>et</span> <span class='ocrx_word' id='word_1_40' title='bbox 885 546 1009 594; x_wconf 89' lang='lat' dir='ltr'>illud</span> <span class='ocrx_word' id='word_1_41' title='bbox 1026 548 1253 595; x_wconf 88' lang='lat' dir='ltr'>infimum</span> <span class='ocrx_word' id='word_1_42' title='bbox 1270 555 1424 612; x_wconf 89' lang='lat' dir='ltr'>caput</span> <span class='ocrx_word' id='word_1_43' title='bbox 1440 552 1596 612; x_wconf 90' lang='lat' dir='ltr'>ipsius</span> <span class='ocrx_word' id='word_1_44' title='bbox 1613 549 1757 599; x_wconf 87' lang='lat' dir='ltr'>Balbi</span> <span class='ocrx_word' id='word_1_45' title='bbox 1774 552 1903 613; x_wconf 90' lang='lat' dir='ltr'>opti-</span> 
     </span>
     <span class='ocr_line' id='line_1_9' title="bbox 417 621 1899 680; baseline 0.003 -13"><span class='ocrx_word' id='word_1_46' title='bbox 417 625 504 677; x_wconf 90' lang='lat' dir='ltr'>mi,</span> <span class='ocrx_word' id='word_1_47' title='bbox 530 624 608 668; x_wconf 93' lang='lat' dir='ltr'>cui</span> <span class='ocrx_word' id='word_1_48' title='bbox 637 621 841 668; x_wconf 83' lang='lat' dir='ltr'>Gnaeus</span> <span class='ocrx_word' id='word_1_49' title='bbox 875 628 1046 668; x_wconf 87' lang='lat' dir='ltr'>noster</span> <span class='ocrx_word' id='word_1_50' title='bbox 1074 621 1254 679; x_wconf 90' lang='lat' dir='ltr'>locum,</span> <span class='ocrx_word' id='word_1_51' title='bbox 1281 624 1366 669; x_wconf 93' lang='lat' dir='ltr'>ubi</span> <span class='ocrx_word' id='word_1_52' title='bbox 1393 621 1563 670; x_wconf 88' lang='lat' dir='ltr'>hortos</span> <span class='ocrx_word' id='word_1_53' title='bbox 1592 623 1899 680; x_wconf 86' lang='lat' dir='ltr'>aedificaret,</span> 
     </span>
     <span class='ocr_line' id='line_1_10' title="bbox 419 696 1902 761; baseline 0.001 -18"><span class='ocrx_word' id='word_1_54' title='bbox 419 696 578 751; x_wconf 91' lang='lat' dir='ltr'>dedit,</span> <span class='ocrx_word' id='word_1_55' title='bbox 593 712 747 759; x_wconf 89' lang='lat' dir='ltr'>quem</span> <span class='ocrx_word' id='word_1_56' title='bbox 764 699 843 742; x_wconf 93' lang='lat' dir='ltr'>cui</span> <span class='ocrx_word' id='word_1_57' title='bbox 863 703 1091 743; x_wconf 85' lang='lat' dir='ltr'>nostrum</span> <span class='ocrx_word' id='word_1_58' title='bbox 1110 713 1211 743; x_wconf 90' lang='lat' dir='ltr'>non</span> <span class='ocrx_word' id='word_1_59' title='bbox 1230 713 1382 760; x_wconf 85' lang='lat' dir='ltr'>saepe</span> <span class='ocrx_word' id='word_1_60' title='bbox 1398 697 1674 761; x_wconf 86' lang='lat' dir='ltr'>praetulit?</span> <span class='ocrx_word' id='word_1_61' title='bbox 1720 698 1902 761; x_wconf 89' lang='lat' dir='ltr'>Itaque</span> 
     </span>
     <span class='ocr_line' id='line_1_11' title="bbox 418 769 1902 836; baseline 0.001 -19"><span class='ocrx_word' id='word_1_62' title='bbox 418 773 568 817; x_wconf 90' lang='lat' dir='ltr'>miser</span> <span class='ocrx_word' id='word_1_63' title='bbox 590 777 871 834; x_wconf 81' lang='lat' dir='ltr'>torquetur.</span> <span class='ocrx_word' id='word_1_64' title='bbox 940 769 1057 826; x_wconf 88' lang='lat' dir='ltr'>Sed,</span> <span class='ocrx_word' id='word_1_65' title='bbox 1081 787 1144 817; x_wconf 93' lang='lat' dir='ltr'>ne</span> <span class='ocrx_word' id='word_1_66' title='bbox 1168 772 1243 818; x_wconf 92' lang='lat' dir='ltr'>bis</span> <span class='ocrx_word' id='word_1_67' title='bbox 1267 771 1447 818; x_wconf 84' lang='lat' dir='ltr'>eadem</span> <span class='ocrx_word' id='word_1_68' title='bbox 1472 772 1627 836; x_wconf 89' lang='lat' dir='ltr'>legas,</span> <span class='ocrx_word' id='word_1_69' title='bbox 1651 772 1716 819; x_wconf 88' lang='lat' dir='ltr'>ad</span> <span class='ocrx_word' id='word_1_70' title='bbox 1739 775 1902 835; x_wconf 86' lang='lat' dir='ltr'>ipsam</span> 
     </span>
     <span class='ocr_line' id='line_1_12' title="bbox 417 844 1898 908; baseline 0.002 -18"><span class='ocrx_word' id='word_1_71' title='bbox 417 852 471 891; x_wconf 93' lang='lat' dir='ltr'>te</span> <span class='ocrx_word' id='word_1_72' title='bbox 489 844 757 908; x_wconf 89' lang='lat' dir='ltr'>epistulam</span> <span class='ocrx_word' id='word_1_73' title='bbox 771 847 936 891; x_wconf 91' lang='lat' dir='ltr'>reicio.</span> <span class='ocrx_word' id='word_1_74' title='bbox 1006 844 1158 908; x_wconf 90' lang='lat' dir='ltr'>Spem</span> <span class='ocrx_word' id='word_1_75' title='bbox 1176 852 1348 893; x_wconf 89' lang='lat' dir='ltr'>autem</span> <span class='ocrx_word' id='word_1_76' title='bbox 1363 850 1500 908; x_wconf 82' lang='lat' dir='ltr'>pacis</span> <span class='ocrx_word' id='word_1_77' title='bbox 1516 846 1680 894; x_wconf 89' lang='lat' dir='ltr'>habeo</span> <span class='ocrx_word' id='word_1_78' title='bbox 1695 847 1898 894; x_wconf 89' lang='lat' dir='ltr'>nullam.</span> 
     </span>
     <span class='ocr_line' id='line_1_13' title="bbox 418 918 1902 968; baseline 0.001 -2"><span class='ocrx_word' id='word_1_79' title='bbox 418 919 684 966; x_wconf 86' lang='lat' dir='ltr'>Dolabella</span> <span class='ocrx_word' id='word_1_80' title='bbox 720 922 820 966; x_wconf 91' lang='lat' dir='ltr'>suis</span> <span class='ocrx_word' id='word_1_81' title='bbox 858 918 1040 966; x_wconf 87' lang='lat' dir='ltr'>litteris</span> <span class='ocrx_word' id='word_1_82' title='bbox 1078 935 1137 965; x_wconf 93' lang='lat'>111</span> <span class='ocrx_word' id='word_1_83' title='bbox 1179 919 1297 967; x_wconf 90' lang='lat' dir='ltr'>Idus</span> <span class='ocrx_word' id='word_1_84' title='bbox 1339 919 1494 967; x_wconf 89' lang='lat' dir='ltr'>Mart.</span> <span class='ocrx_word' id='word_1_85' title='bbox 1538 921 1669 967; x_wconf 88' lang='lat' dir='ltr'>datis</span> <span class='ocrx_word' id='word_1_86' title='bbox 1709 937 1902 968; x_wconf 88' lang='lat' dir='ltr'>merum</span> 
     </span>
     <span class='ocr_line' id='line_1_14' title="bbox 415 993 1896 1058; baseline 0.001 -18"><span class='ocrx_word' id='word_1_87' title='bbox 415 994 603 1041; x_wconf 87' lang='lat' dir='ltr'>bellum</span> <span class='ocrx_word' id='word_1_88' title='bbox 627 993 860 1057; x_wconf 89' lang='lat' dir='ltr'>loquitur.</span> <span class='ocrx_word' id='word_1_89' title='bbox 934 993 1235 1041; x_wconf 88' lang='lat' dir='ltr'>Maneamus</span> <span class='ocrx_word' id='word_1_90' title='bbox 1260 1011 1380 1058; x_wconf 87' lang='lat' dir='ltr'>ergo</span> <span class='ocrx_word' id='word_1_91' title='bbox 1402 997 1454 1040; x_wconf 91' lang='lat' dir='ltr'>in</span> <span class='ocrx_word' id='word_1_92' title='bbox 1475 994 1560 1041; x_wconf 92' lang='lat' dir='ltr'>illa</span> <span class='ocrx_word' id='word_1_93' title='bbox 1584 995 1763 1042; x_wconf 89' lang='lat' dir='ltr'>eadem</span> <span class='ocrx_word' id='word_1_94' title='bbox 1787 1012 1896 1042; x_wconf 91' lang='lat' dir='ltr'>sen-</span> 
     </span>
     <span class='ocr_line' id='line_1_15' title="bbox 414 1061 1903 1132; baseline 0.001 -17"><span class='ocrx_word' id='word_1_95' title='bbox 414 1061 577 1115; x_wconf 88' lang='lat' dir='ltr'>tentia</span> <span class='ocrx_word' id='word_1_96' title='bbox 602 1071 784 1115; x_wconf 90' lang='lat' dir='ltr'>misera</span> <span class='ocrx_word' id='word_1_97' title='bbox 810 1075 862 1115; x_wconf 90' lang='lat' dir='ltr'>et</span> <span class='ocrx_word' id='word_1_98' title='bbox 887 1068 1174 1132; x_wconf 87' lang='lat' dir='ltr'>desperata,</span> <span class='ocrx_word' id='word_1_99' title='bbox 1199 1069 1401 1132; x_wconf 91' lang='lat' dir='ltr'>quando</span> <span class='ocrx_word' id='word_1_100' title='bbox 1425 1067 1518 1116; x_wconf 93' lang='lat' dir='ltr'>hoc</span> <span class='ocrx_word' id='word_1_101' title='bbox 1541 1072 1769 1116; x_wconf 82' lang='lat' dir='ltr'>miserius</span> <span class='ocrx_word' id='word_1_102' title='bbox 1794 1085 1903 1118; x_wconf 86' lang='lat' dir='ltr'>esse</span> 
     </span>
     <span class='ocr_line' id='line_1_16' title="bbox 413 1142 740 1206; baseline -0.003 -16"><span class='ocrx_word' id='word_1_103' title='bbox 413 1142 534 1190; x_wconf 91' lang='lat' dir='ltr'>nihil</span> <span class='ocrx_word' id='word_1_104' title='bbox 555 1150 740 1206; x_wconf 87' lang='lat' dir='ltr'>potest.</span> 
     </span>
    </p>
   </div>
   <div class='ocr_carea' id='block_1_5' title="bbox 1078 1254 1241 1301">
    <p class='ocr_par' dir='ltr' id='par_1_5' title="bbox 1078 1254 1241 1301">
     <span class='ocr_line' id='line_1_17' title="bbox 1078 1254 1241 1301; baseline 0 0"><span class='ocrx_word' id='word_1_105' title='bbox 1078 1254 1241 1301; x_wconf 89' lang='lat' dir='ltr'>XIIIa</span> 
     </span>
    </p>
   </div>
   <div class='ocr_carea' id='block_1_6' title="bbox 731 1368 1586 1400">
    <p class='ocr_par' dir='ltr' id='par_1_6' title="bbox 731 1368 1586 1400">
     <span class='ocr_line' id='line_1_18' title="bbox 731 1368 1586 1400; baseline 0.001 -1"><span class='ocrx_word' id='word_1_106' title='bbox 731 1368 911 1400; x_wconf 81' lang='lat' dir='ltr'>BALBUS</span> <span class='ocrx_word' id='word_1_107' title='bbox 946 1368 1175 1399; x_wconf 80' lang='lat' dir='ltr'>CICERONI</span> <span class='ocrx_word' id='word_1_108' title='bbox 1213 1368 1318 1399; x_wconf 86' lang='lat' dir='ltr'>IMP.</span> <span class='ocrx_word' id='word_1_109' title='bbox 1355 1369 1452 1399; x_wconf 86' lang='lat' dir='ltr'><strong>SAL.</strong></span> <span class='ocrx_word' id='word_1_110' title='bbox 1491 1368 1586 1400; x_wconf 86' lang='lat' dir='ltr'>mc.</span> 
     </span>
    </p>
   </div>
   <div class='ocr_carea' id='block_1_7' title="bbox 411 1450 1904 1794">
    <p class='ocr_par' dir='ltr' id='par_1_7' title="bbox 411 1450 1904 1794">
     <span class='ocr_line' id='line_1_19' title="bbox 481 1450 1903 1514; baseline 0 -16"><span class='ocrx_word' id='word_1_111' title='bbox 481 1450 665 1498; x_wconf 88' lang='lat' dir='ltr'>Caesar</span> <span class='ocrx_word' id='word_1_112' title='bbox 712 1451 853 1497; x_wconf 87' lang='lat' dir='ltr'>nobis</span> <span class='ocrx_word' id='word_1_113' title='bbox 901 1450 1097 1497; x_wconf 81' lang='lat' dir='ltr'>litteras</span> <span class='ocrx_word' id='word_1_114' title='bbox 1143 1451 1414 1513; x_wconf 87' lang='lat' dir='ltr'>perbreves</span> <span class='ocrx_word' id='word_1_115' title='bbox 1461 1453 1625 1505; x_wconf 84' lang='lat' dir='ltr'>misit3</span> <span class='ocrx_word' id='word_1_116' title='bbox 1691 1467 1903 1514; x_wconf 90' lang='lat' dir='ltr'>quarum</span> 
     </span>
     <span class='ocr_line' id='line_1_20' title="bbox 418 1524 1904 1588; baseline 0 -16"><span class='ocrx_word' id='word_1_117' title='bbox 418 1524 707 1588; x_wconf 86' lang='lat' dir='ltr'>exemplum</span> <span class='ocrx_word' id='word_1_118' title='bbox 727 1525 1012 1588; x_wconf 85' lang='lat' dir='ltr'>subscripsi.</span> <span class='ocrx_word' id='word_1_119' title='bbox 1061 1524 1319 1571; x_wconf 87' lang='lat' dir='ltr'>Brevitate</span> <span class='ocrx_word' id='word_1_120' title='bbox 1342 1524 1588 1587; x_wconf 86' lang='lat' dir='ltr'>epistulae</span> <span class='ocrx_word' id='word_1_121' title='bbox 1612 1528 1737 1572; x_wconf 90' lang='lat' dir='ltr'>scire</span> <span class='ocrx_word' id='word_1_122' title='bbox 1762 1532 1904 1588; x_wconf 89' lang='lat' dir='ltr'>pote-</span> 
     </span>
     <span class='ocr_line' id='line_1_21' title="bbox 417 1598 1904 1662; baseline 0.001 -17"><span class='ocrx_word' id='word_1_123' title='bbox 417 1602 481 1645; x_wconf 91' lang='lat' dir='ltr'>ris</span> <span class='ocrx_word' id='word_1_124' title='bbox 514 1615 631 1645; x_wconf 89' lang='lat' dir='ltr'>eum</span> <span class='ocrx_word' id='word_1_125' title='bbox 663 1598 807 1645; x_wconf 89' lang='lat' dir='ltr'>valde</span> <span class='ocrx_word' id='word_1_126' title='bbox 845 1615 954 1645; x_wconf 90' lang='lat' dir='ltr'>esse</span> <span class='ocrx_word' id='word_1_127' title='bbox 987 1598 1286 1654; x_wconf 90' lang='lat' dir='ltr'>distentum,</span> <span class='ocrx_word' id='word_1_128' title='bbox 1320 1602 1403 1662; x_wconf 86' lang='lat' dir='ltr'>qui</span> <span class='ocrx_word' id='word_1_129' title='bbox 1437 1606 1583 1645; x_wconf 87' lang='lat' dir='ltr'>tanta</span> <span class='ocrx_word' id='word_1_130' title='bbox 1615 1599 1679 1645; x_wconf 93' lang='lat' dir='ltr'>de</span> <span class='ocrx_word' id='word_1_131' title='bbox 1711 1615 1765 1646; x_wconf 89' lang='lat' dir='ltr'>re</span> <span class='ocrx_word' id='word_1_132' title='bbox 1797 1606 1904 1646; x_wconf 85' lang='lat' dir='ltr'>tam</span> 
     </span>
     <span class='ocr_line' id='line_1_22' title="bbox 415 1671 1904 1736; baseline 0 -16"><span class='ocrx_word' id='word_1_133' title='bbox 415 1675 636 1720; x_wconf 89' lang='lat' dir='ltr'>breviter</span> <span class='ocrx_word' id='word_1_134' title='bbox 676 1676 947 1736; x_wconf 87' lang='lat' dir='ltr'>scripserit.</span> <span class='ocrx_word' id='word_1_135' title='bbox 1015 1671 1064 1719; x_wconf 92' lang='lat' dir='ltr'>Si</span> <span class='ocrx_word' id='word_1_136' title='bbox 1109 1672 1229 1736; x_wconf 90' lang='lat' dir='ltr'>quid</span> <span class='ocrx_word' id='word_1_137' title='bbox 1272 1680 1538 1736; x_wconf 89' lang='lat' dir='ltr'>praeterea</span> <span class='ocrx_word' id='word_1_138' title='bbox 1579 1676 1691 1720; x_wconf 89' lang='lat' dir='ltr'>novi</span> <span class='ocrx_word' id='word_1_139' title='bbox 1734 1673 1904 1730; x_wconf 85' lang='lat' dir='ltr'>fuerit,</span> 
     </span>
     <span class='ocr_line' id='line_1_23' title="bbox 411 1747 954 1794; baseline -0.002 0"><span class='ocrx_word' id='word_1_140' title='bbox 411 1750 585 1794; x_wconf 88' lang='lat' dir='ltr'>statim</span> <span class='ocrx_word' id='word_1_141' title='bbox 609 1747 701 1793; x_wconf 91' lang='lat' dir='ltr'>tibi</span> <span class='ocrx_word' id='word_1_142' title='bbox 725 1747 954 1794; x_wconf 88' lang='lat' dir='ltr'>scribam.</span> 
     </span>
    </p>
   </div>
   <div class='ocr_carea' id='block_1_8' title="bbox 736 1832 1577 1890">
    <p class='ocr_par' dir='ltr' id='par_1_8' title="bbox 736 1832 1577 1890">
     <span class='ocr_line' id='line_1_24' title="bbox 736 1832 1577 1890; baseline 0.002 -11"><span class='ocrx_word' id='word_1_143' title='bbox 736 1832 762 1849; x_wconf 93' lang='lat'><strong>“</strong></span> <span class='ocrx_word' id='word_1_144' title='bbox 787 1849 970 1880; x_wconf 81' lang='lat' dir='ltr'><strong>CAESAR</strong></span> <span class='ocrx_word' id='word_1_145' title='bbox 1004 1850 1168 1890; x_wconf 69' lang='lat'>0121210,</span> <span class='ocrx_word' id='word_1_146' title='bbox 1203 1849 1445 1880; x_wconf 80' lang='lat' dir='ltr'>CORNELIO</span> <span class='ocrx_word' id='word_1_147' title='bbox 1479 1849 1577 1881; x_wconf 79' lang='lat' dir='ltr'>SAL.</span> 
     </span>
    </p>
   </div>
   <div class='ocr_carea' id='block_1_9' title="bbox 410 1919 1904 2575">
    <p class='ocr_par' dir='ltr' id='par_1_9' title="bbox 410 1919 1904 2336">
     <span class='ocr_line' id='line_1_25' title="bbox 476 1919 1904 1977; baseline 0 -9"><span class='ocrx_word' id='word_1_148' title='bbox 476 1922 537 1968; x_wconf 94' lang='lat' dir='ltr'>A.</span> <span class='ocrx_word' id='word_1_149' title='bbox 564 1921 610 1967; x_wconf 87' lang='lat' dir='ltr'>d.</span> <span class='ocrx_word' id='word_1_150' title='bbox 636 1936 707 1967; x_wconf 84' lang='lat' dir='ltr'>vn</span> <span class='ocrx_word' id='word_1_151' title='bbox 734 1920 852 1967; x_wconf 90' lang='lat' dir='ltr'>Idus</span> <span class='ocrx_word' id='word_1_152' title='bbox 878 1919 1092 1967; x_wconf 89' lang='lat' dir='ltr'>Martias</span> <span class='ocrx_word' id='word_1_153' title='bbox 1116 1920 1436 1967; x_wconf 89' lang='lat' dir='ltr'>Brundisium</span> <span class='ocrx_word' id='word_1_154' title='bbox 1459 1923 1593 1977; x_wconf 91' lang='lat' dir='ltr'>veni,</span> <span class='ocrx_word' id='word_1_155' title='bbox 1619 1920 1683 1968; x_wconf 82' lang='lat' dir='ltr'>ad</span> <span class='ocrx_word' id='word_1_156' title='bbox 1704 1938 1904 1968; x_wconf 89' lang='lat' dir='ltr'>murum</span> 
     </span>
     <span class='ocr_line' id='line_1_26' title="bbox 410 1993 1903 2058; baseline 0.001 -16"><span class='ocrx_word' id='word_1_157' title='bbox 410 2002 574 2042; x_wconf 88' lang='lat' dir='ltr'>castra</span> <span class='ocrx_word' id='word_1_158' title='bbox 603 1998 760 2058; x_wconf 89' lang='lat' dir='ltr'>posui.</span> <span class='ocrx_word' id='word_1_159' title='bbox 832 1993 1099 2058; x_wconf 88' lang='lat' dir='ltr'>Pompeius</span> <span class='ocrx_word' id='word_1_160' title='bbox 1131 2002 1209 2042; x_wconf 91' lang='lat' dir='ltr'>est</span> <span class='ocrx_word' id='word_1_161' title='bbox 1237 1994 1483 2042; x_wconf 90' lang='lat' dir='ltr'>Brundisi.</span> <span class='ocrx_word' id='word_1_162' title='bbox 1555 1995 1699 2043; x_wconf 90' lang='lat' dir='ltr'>Misit</span> <span class='ocrx_word' id='word_1_163' title='bbox 1728 1995 1793 2043; x_wconf 87' lang='lat' dir='ltr'>ad</span> <span class='ocrx_word' id='word_1_164' title='bbox 1820 2012 1903 2043; x_wconf 91' lang='lat' dir='ltr'>me</span> 
     </span>
     <span class='ocr_line' id='line_1_27' title="bbox 413 2069 1901 2132; baseline 0.001 -17"><span class='ocrx_word' id='word_1_165' title='bbox 413 2070 474 2116; x_wconf 92' lang='lat' dir='ltr'>N.</span> <span class='ocrx_word' id='word_1_166' title='bbox 497 2069 727 2132; x_wconf 87' lang='lat' dir='ltr'>Magium</span> <span class='ocrx_word' id='word_1_167' title='bbox 745 2070 808 2116; x_wconf 92' lang='lat' dir='ltr'>de</span> <span class='ocrx_word' id='word_1_168' title='bbox 824 2086 964 2132; x_wconf 89' lang='lat' dir='ltr'>pace.</span> <span class='ocrx_word' id='word_1_169' title='bbox 1035 2069 1179 2128; x_wconf 85' lang='lat' dir='ltr'>Quae</span> <span class='ocrx_word' id='word_1_170' title='bbox 1196 2072 1300 2115; x_wconf 88' lang='lat' dir='ltr'>visa</span> <span class='ocrx_word' id='word_1_171' title='bbox 1318 2076 1452 2125; x_wconf 89' lang='lat' dir='ltr'>sunt,</span> <span class='ocrx_word' id='word_1_172' title='bbox 1469 2069 1720 2132; x_wconf 89' lang='lat' dir='ltr'>respondi.</span> <span class='ocrx_word' id='word_1_173' title='bbox 1791 2069 1901 2116; x_wconf 92' lang='lat' dir='ltr'>Hoc</span> 
     </span>
     <span class='ocr_line' id='line_1_28' title="bbox 414 2142 1903 2206; baseline 0.001 -17"><span class='ocrx_word' id='word_1_174' title='bbox 414 2160 498 2189; x_wconf 88' lang='lat' dir='ltr'>vos</span> <span class='ocrx_word' id='word_1_175' title='bbox 545 2146 719 2189; x_wconf 89' lang='lat' dir='ltr'>statim</span> <span class='ocrx_word' id='word_1_176' title='bbox 764 2146 888 2189; x_wconf 90' lang='lat' dir='ltr'>scire</span> <span class='ocrx_word' id='word_1_177' title='bbox 936 2143 1082 2190; x_wconf 89' lang='lat' dir='ltr'>volui.</span> <span class='ocrx_word' id='word_1_178' title='bbox 1154 2142 1281 2189; x_wconf 90' lang='lat' dir='ltr'>Cum</span> <span class='ocrx_word' id='word_1_179' title='bbox 1328 2146 1378 2188; x_wconf 86' lang='lat' dir='ltr'>in</span> <span class='ocrx_word' id='word_1_180' title='bbox 1423 2159 1565 2206; x_wconf 86' lang='lat' dir='ltr'>spem</span> <span class='ocrx_word' id='word_1_181' title='bbox 1611 2159 1794 2190; x_wconf 90' lang='lat' dir='ltr'>venero</span> <span class='ocrx_word' id='word_1_182' title='bbox 1839 2143 1903 2190; x_wconf 92' lang='lat' dir='ltr'>de</span> 
     </span>
     <span class='ocr_line' id='line_1_29' title="bbox 413 2216 1903 2280; baseline 0.001 -18"><span class='ocrx_word' id='word_1_183' title='bbox 413 2219 774 2279; x_wconf 88' lang='lat' dir='ltr'>compositione</span> <span class='ocrx_word' id='word_1_184' title='bbox 790 2216 977 2280; x_wconf 89' lang='lat' dir='ltr'>aliquid</span> <span class='ocrx_word' id='word_1_185' title='bbox 993 2233 1074 2263; x_wconf 89' lang='lat' dir='ltr'>me</span> <span class='ocrx_word' id='word_1_186' title='bbox 1090 2216 1354 2273; x_wconf 88' lang='lat' dir='ltr'>conficere,</span> <span class='ocrx_word' id='word_1_187' title='bbox 1370 2219 1547 2264; x_wconf 88' lang='lat' dir='ltr'>statim</span> <span class='ocrx_word' id='word_1_188' title='bbox 1562 2232 1648 2263; x_wconf 88' lang='lat' dir='ltr'>vos</span> <span class='ocrx_word' id='word_1_189' title='bbox 1662 2219 1903 2264; x_wconf 86' lang='lat' dir='ltr'>certiores</span> 
     </span>
     <span class='ocr_line' id='line_1_30' title="bbox 413 2288 643 2336; baseline -0.004 0"><span class='ocrx_word' id='word_1_190' title='bbox 413 2288 643 2336; x_wconf 85' lang='lat' dir='ltr'>faciam.&#39;’</span> 
     </span>
    </p>

    <p class='ocr_par' dir='ltr' id='par_1_10' title="bbox 412 2363 1902 2575">
     <span class='ocr_line' id='line_1_31' title="bbox 478 2363 1902 2428; baseline 0.001 -19"><span class='ocrx_word' id='word_1_191' title='bbox 478 2363 591 2421; x_wconf 83' lang='lat' dir='ltr'>Quo</span> <span class='ocrx_word' id='word_1_192' title='bbox 630 2363 779 2409; x_wconf 88' lang='lat' dir='ltr'>modo</span> <span class='ocrx_word' id='word_1_193' title='bbox 818 2380 900 2410; x_wconf 90' lang='lat' dir='ltr'>me</span> <span class='ocrx_word' id='word_1_194' title='bbox 941 2380 1072 2410; x_wconf 91' lang='lat' dir='ltr'>nunc</span> <span class='ocrx_word' id='word_1_195' title='bbox 1113 2371 1278 2426; x_wconf 89' lang='lat' dir='ltr'>putas,</span> <span class='ocrx_word' id='word_1_196' title='bbox 1318 2367 1385 2410; x_wconf 87' lang='lat' dir='ltr'>mi</span> <span class='ocrx_word' id='word_1_197' title='bbox 1427 2363 1620 2421; x_wconf 87' lang='lat' dir='ltr'>Cicero,</span> <span class='ocrx_word' id='word_1_198' title='bbox 1659 2366 1902 2428; x_wconf 88' lang='lat' dir='ltr'>torqueri,</span> 
     </span>
     <span class='ocr_line' id='line_1_32' title="bbox 414 2440 1902 2501; baseline 0.001 -18"><span class='ocrx_word' id='word_1_199' title='bbox 414 2444 683 2500; x_wconf 88' lang='lat' dir='ltr'>postquam</span> <span class='ocrx_word' id='word_1_200' title='bbox 702 2453 868 2483; x_wconf 89' lang='lat' dir='ltr'>rursus</span> <span class='ocrx_word' id='word_1_201' title='bbox 888 2440 939 2482; x_wconf 91' lang='lat' dir='ltr'>in</span> <span class='ocrx_word' id='word_1_202' title='bbox 959 2453 1100 2500; x_wconf 91' lang='lat' dir='ltr'>spem</span> <span class='ocrx_word' id='word_1_203' title='bbox 1120 2441 1256 2500; x_wconf 89' lang='lat' dir='ltr'>pacis</span> <span class='ocrx_word' id='word_1_204' title='bbox 1275 2440 1406 2491; x_wconf 88' lang='lat' dir='ltr'>veni,</span> <span class='ocrx_word' id='word_1_205' title='bbox 1426 2453 1490 2484; x_wconf 92' lang='lat' dir='ltr'>ne</span> <span class='ocrx_word' id='word_1_206' title='bbox 1510 2454 1611 2501; x_wconf 88' lang='lat' dir='ltr'>qua</span> <span class='ocrx_word' id='word_1_207' title='bbox 1628 2453 1707 2485; x_wconf 90' lang='lat' dir='ltr'>res</span> <span class='ocrx_word' id='word_1_208' title='bbox 1727 2454 1902 2484; x_wconf 89' lang='lat' dir='ltr'>eorum</span> 
     </span>
     <span class='ocr_line' id='line_1_33' title="bbox 412 2510 1901 2575; baseline 0.002 -20"><span class='ocrx_word' id='word_1_209' title='bbox 412 2512 827 2573; x_wconf 86' lang='lat' dir='ltr'>compositionem</span> <span class='ocrx_word' id='word_1_210' title='bbox 878 2510 1159 2575; x_wconf 87' lang='lat' dir='ltr'>impediat?</span> <span class='ocrx_word' id='word_1_211' title='bbox 1228 2510 1478 2575; x_wconf 87' lang='lat' dir='ltr'>Namque,</span> <span class='ocrx_word' id='word_1_212' title='bbox 1534 2511 1668 2575; x_wconf 93' lang='lat' dir='ltr'>quod</span> <span class='ocrx_word' id='word_1_213' title='bbox 1721 2511 1901 2558; x_wconf 86' lang='lat' dir='ltr'>absens</span> 
     </span>
    </p>
   </div>
   <div class='ocr_carea' id='block_1_10' title="bbox 413 2612 503 2658">
    <p class='ocr_par' dir='ltr' id='par_1_11' title="bbox 413 2612 503 2658">
     <span class='ocr_line' id='line_1_34' title="bbox 413 2612 503 2658; baseline 0 -15"><span class='ocrx_word' id='word_1_214' title='bbox 413 2612 503 2658; x_wconf 89' lang='lat'>250</span> 
     </span>
    </p>
   </div>
  </div>
 </body>
</html>
