1988 3008
702 296 985 345 MARCUS
1029 295 1331 345 TULLIUS
1376 296 1628 345 CICERO

417 427 659 490 πειρατέον
704 427 891 490 ἀρήγειν
935 427 994 489 τῇ
1037 425 1223 488 πατρίδι
1268 426 1603 489 τυραννουμένῃ
1649 428 1788 490 καιρῷ
1833 429 1909 475 καὶ

418 516 546 578 λόγῳ
591 517 780 575 μᾶλλον
825 512 852 575 ἦ
897 513 1102 577 πολέμῳ.
1174 515 1233 560 Εἰ
1277 511 1518 560 πολιτικὸν
1562 513 1616 560 τὸ
1660 513 1911 577 ἡσυχάζειν

419 600 786 664 ἆναχωρήσαντά
831 619 911 647 ποι
955 602 1036 661 τῆς
1086 598 1305 662 πατρίδος
1355 600 1717 662 τυραννουμένης
1761 597 1791 660 ἢ
1837 599 1911 647 διὰ

418 688 589 738 παντὸς
625 687 744 734 ἰτέον
776 686 982 734 κινδύνου
1017 689 1096 748 τῆς
1131 686 1388 748 ἐλευθερίας
1422 706 1540 748 περι.
1609 688 1670 733 Εἰ
1702 686 1911 748 πόλεμον

420 774 641 821 ἐπακτέον
663 774 721 836 τῇ
744 773 872 837 χώρᾳ
896 773 970 820 καὶ
1001 773 1334 835 πολιορκητέον
1365 771 1508 832 αὐτὴν
1530 772 1906 834 τυραννουμένην.

418 862 477 907 Εἰ
513 860 588 907 καὶ
622 861 690 922 μὴ
727 859 1030 921 δοκιμάζοντα
1067 860 1152 921 τὴν
1186 858 1260 907 διὰ
1293 859 1504 920 πολέμου
1539 859 1794 907 κατάλυσιν
1829 862 1910 921 τῆς

417 946 682 1009 τυραννίδος
704 946 1120 1010 συναπογραπτέον
1155 945 1274 1006 ὅμως
1308 947 1405 997 τοῖς
1438 944 1657 1007 ἀρίστοις.
1721 947 1782 993 Εἰ
1815 948 1912 997 τοῖς

421 1033 676 1096 εὐεργέταις
710 1033 784 1080 καὶ
817 1033 977 1094 φίλοις
1008 1031 1412 1096 συγκινδυνευτέον
1435 1035 1483 1079 ἐν
1513 1034 1610 1083 τοῖς
1640 1033 1912 1089 πολιτικοῖς,

421 1119 504 1167 κᾶν
543 1119 610 1181 μή
651 1119 846 1167 δοκῶσιν
889 1118 936 1166 εὖ
975 1119 1330 1180 βεβουλεῦσθαι
1369 1118 1473 1180 περὶ
1519 1121 1608 1166 τῶν
1649 1118 1781 1167 ὅλων.
1853 1121 1912 1178 Εἰ

421 1208 445 1254 ὁ
485 1207 672 1270 μεγάλα
711 1207 796 1267 τὴν
837 1205 1034 1256 πατρίδα
1075 1206 1398 1270 εὐνργετήσας,
1440 1203 1493 1252 δι’
1535 1205 1646 1253 αὐτὸ
1686 1204 1734 1253 δὲ
1774 1209 1912 1254 τοῦτο

426 1294 659 1355 ἀνήκεστα
705 1294 866 1340 παθὼν
913 1292 988 1340 καὶ
1041 1292 1302 1354 φθονηθεὶς,
1351 1291 1678 1339 κινδυνεύσειεν
1729 1291 1785 1340 ἂν
1836 1292 1910 1341 ε’θε

419 1380 588 1441 λοντὴς
622 1381 735 1441 ὑπὲρ
770 1382 850 1440 τῆς
883 1378 1116 1440 πατρίδος,
1153 1376 1182 1438 ἢ
1222 1378 1412 1439 ἐφετέον
1446 1380 1568 1442 αὐτῷ
1604 1381 1765 1426 ἑαυτοῦ
1798 1399 1911 1426 ποτε

421 1467 497 1514 καὶ
542 1469 632 1514 τῶν
678 1465 964 1513 οἰκειοτάτων
1009 1465 1244 1513 ποιεῖσθαι
1294 1465 1512 1527 πρόνοιαν
1566 1464 1778 1526 ἀφεμένῶ
1829 1464 1911 1515 τὰς

421 1553 535 1614 πρὸς
558 1553 665 1602 τοὺς
690 1553 935 1614 ἰσχύοντας
959 1550 1280 1601 διαπολιτείας.

487 1638 546 1684 In
576 1636 653 1685 his
683 1654 779 1701 ego
808 1653 890 1684 me
920 1636 1371 1684 consultationibus
1402 1652 1644 1684 exercens
1674 1643 1728 1684 et
1757 1635 1910 1685 disse-

422 1741 536 1772 rens
559 1727 611 1770 in
633 1731 902 1787 utramque
924 1730 1124 1786 partem
1146 1730 1258 1770 tum
1281 1723 1494 1779 Graece,
1515 1730 1627 1770 tum
1651 1722 1834 1771 Latine
1858 1728 1913 1770 et

423 1811 619 1858 abduco
636 1826 908 1874 parumper
926 1812 1150 1856 animum
1175 1826 1205 1855 a
1228 1809 1471 1877 molestiis
1497 1816 1551 1857 et
1567 1814 1655 1859 τῶν
1677 1811 1911 1874 προῦργου

421 1919 467 1946 τι
508 1896 747 1944 delibero.
816 1896 917 1943 Sed
963 1913 1154 1952 vereor,
1202 1913 1267 1944 ne
1313 1896 1406 1943 tibi
1454 1898 1638 1959 ἄκαιρος
1684 1899 1792 1943 sim.
1861 1895 1910 1943 Si

423 1986 559 2031 enim
586 1990 726 2031 recte
756 1982 1089 2031 ambulaverit
1117 1985 1175 2038 is,
1205 1986 1290 2047 qui
1318 1982 1447 2030 hanc
1477 1981 1746 2047 epistulam
1773 1982 1913 2040 tulit,

422 2072 473 2117 in
497 2073 662 2135 ipsum
684 2077 831 2119 tuum
854 2070 990 2118 diem
1012 2070 1216 2118 incidet.

429 2688 514 2734 188
