1988 3008
78 504 174 550 Ser.
208 503 254 550 in
288 503 375 550 Ar-

710 156 994 204 MARCUS
1037 158 1338 206 TULLIUS
1384 159 1635 208 CICERO

1115 317 1227 363 IIIa

915 429 1089 460 CICERO
1123 430 1296 460 ATTICO
1331 430 1427 461 SAL.

494 509 555 555 A.
583 509 631 556 d.
658 525 729 556 vn
758 509 877 557 Idus
904 510 1115 557 alteram
1139 512 1232 557 tibi
1261 511 1441 559 eodem
1465 512 1547 560 die
1571 510 1700 560 hanc
1727 510 1912 577 epistu-

76 587 190 616 CanO
218 571 317 616 VJ]
333 570 403 616 Id·
430 585 529 632 lam
556 587 741 633 dictavi
769 594 823 633 et
847 587 1008 650 pridie
1034 587 1275 634 dederam
1300 604 1415 635 mea
1439 606 1593 636 manu
1619 590 1910 654 longiorem.

77 636 190 701 APT·
218 655 261 684 a·
291 638 383 688 705
431 663 604 709 Visum
626 670 679 710 te
703 667 846 710 aiunt
867 660 919 709 in
940 667 1098 727 regia,
1119 681 1213 711 nec
1234 664 1567 727 reprehendo,
1590 669 1776 730 quippe
1799 684 1913 714 eum

75 1928 171 1975 Scr.
204 1927 250 1975 in
285 1928 372 1976 Cu-

428 744 535 803 ipse
575 743 726 787 istam
765 739 1208 804 reprehensionem
1248 758 1350 788 non
1388 740 1619 806 fugerim.
1688 743 1789 790 Sed
1829 760 1913 790 ex-

428 824 603 880 specto
648 824 763 865 tuas
807 817 1004 864 litteras
1050 834 1217 881 neque
1263 821 1364 864 iam
1416 835 1536 865 sane
1582 820 1748 875 video,
1793 819 1914 883 quid

429 901 739 957 exspectem,
763 894 852 941 sed
874 901 1066 951 tamen,
1090 897 1287 942 etiamsi
1310 894 1432 941 nihil
1455 898 1568 952 erit,
1590 896 1643 942 id
1663 899 1827 959 ipsum
1849 897 1913 943 ad

426 988 508 1017 me
533 971 682 1017 velim
704 972 904 1018 scribas.

492 1048 676 1094 Caesar
706 1047 826 1094 mihi
856 1051 1072 1112 ignoscit
1102 1065 1192 1112 per
1221 1048 1436 1106 litteras,
1467 1049 1603 1113 quod
1632 1067 1732 1097 non
1763 1067 1911 1098 vene·

425 1127 536 1181 rim,
573 1142 785 1188 seseque
819 1129 872 1171 in
907 1129 1152 1189 optimam
1187 1133 1387 1189 partem
1421 1126 1474 1174 id
1509 1130 1738 1191 accipere
1773 1127 1910 1174 dicit.

428 1201 593 1249 Facile
609 1205 791 1266 patior,
808 1202 943 1265 quod
959 1204 1149 1258 scribit,
1165 1219 1336 1249 secum
1351 1203 1594 1250 Titinium
1614 1211 1667 1250 et
1683 1203 1911 1251 Servium

425 1286 630 1340 questos
648 1296 775 1335 esse,
792 1282 910 1343 quia
926 1296 1026 1326 non
1041 1279 1177 1326 idem
1202 1281 1293 1326 sibi
1320 1280 1455 1343 quod
1477 1280 1598 1326 mihi
1624 1283 1910 1328 remisisset.

425 1357 669 1403 Homines
702 1356 961 1403 ridiculos!
998 1359 1100 1419 qui,
1133 1373 1247 1403 cum
1282 1356 1406 1403 filios
1438 1359 1691 1404 misissent
1724 1357 1789 1404 ad
1821 1357 1909 1404 Cn.

427 1432 723 1496 Pompeium
753 1434 1239 1489 circumsedendum,
1269 1436 1361 1496 ipsi
1392 1436 1443 1479 in
1474 1441 1708 1480 senatum
1738 1437 1912 1481 venire

426 1510 721 1556 dubitarint.
790 1509 891 1557 Sed
906 1517 1081 1557 tamen
1098 1510 1388 1574 exemplum
1403 1513 1512 1557 misi
1531 1511 1596 1558 ad
1611 1517 1664 1558 te
1683 1510 1911 1558 Caesaris

424 1586 723 1634 litterarum.

1136 1729 1206 1776 IV

911 1842 1085 1873 CICERO
1120 1842 1293 1873 ATTICO
1328 1842 1424 1873 SAL.

493 1923 685 1970 Multas
711 1940 739 1969 a
763 1930 815 1970 te
841 1927 1011 1986 accepi
1037 1923 1276 1986 epistulas
1301 1923 1479 1970 eodem
1504 1923 1585 1971 die
1610 1940 1782 1971 omnes
1806 1923 1912 1971 dili-

76 2012 209 2041 mano
252 1994 408 2041 XVII
427 2008 609 2064 genter
630 2003 857 2063 scriptas,
881 2017 992 2047 eam
1017 2017 1150 2056 vem,
1174 2017 1304 2063 quae
1327 2000 1587 2047 voluminis
1609 2004 1766 2047 instar
1787 2007 1913 2057 erat,

75 2061 135 2107 K·
185 2061 309 2107 Mal·
358 2079 401 2107 α·
428 2093 580 2140 saepe
620 2076 908 2140 legendam,
948 2080 1095 2124 sicuti
1135 2076 1278 2124 facio.
1350 2077 1408 2123 In
1450 2094 1550 2140 qua
1589 2094 1688 2124 non
1729 2076 1914 2124 frustra

76 2129 167 2178 705

428 2154 650 2200 laborem
686 2156 964 2217 suscepisti,
1000 2153 1119 2199 mihi
1157 2153 1361 2216 quidem
1396 2161 1689 2217 pergratum
1726 2153 1906 2201 fecisti.

428 2231 615 2288 Quare,
649 2237 706 2277 ut
739 2230 806 2286 id,
841 2230 1007 2293 quoad
1038 2230 1227 2286 licebit,
1260 2230 1311 2276 id
1344 2237 1422 2276 est
1455 2230 1620 2293 quoad
1653 2233 1795 2286 scies,
1828 2231 1911 2277 ubi

426 2311 597 2362 simus,
627 2323 778 2370 quam
810 2310 1099 2370 saepissime
1130 2306 1301 2363 facias,
1331 2313 1384 2353 te
1415 2305 1744 2353 vehementer
1774 2323 1908 2371 rogo.

425 2385 500 2429 Ac
527 2382 818 2444 deplorandi
847 2383 1069 2445 quidem,
1097 2383 1230 2445 quod
1256 2382 1441 2429 cotidie
1468 2381 1696 2436 facimus,
1723 2386 1787 2428 sit
1812 2386 1912 2429 iam

425 2461 566 2506 nobis
591 2466 679 2506 aut
703 2459 810 2505 finis
835 2463 1054 2516 omnino,
1077 2463 1115 2506 si
1138 2466 1327 2523 potest,
1348 2466 1435 2505 aut
1459 2459 1737 2506 moderatio
1761 2476 1909 2523 quae-

426 2549 515 2593 280
