2014 3008
732 211 1016 259 MARCUS
1061 211 1363 259 TULLIUS
1409 211 1660 260 CICERO

449 340 615 397 domo,
640 343 749 404 quis
771 357 854 387 me
877 343 1103 387 miserior
1126 357 1225 386 uno
1247 343 1348 386 iam
1372 339 1503 387 fuit?
1571 340 1691 398 Oro,
1714 342 1939 400 obsecro,

449 431 665 491 ignosce.
736 427 849 474 Non
874 443 1077 490 possum
1101 427 1246 490 plura
1270 428 1502 474 scribere.
1572 427 1777 487 Quanto
1802 445 1936 476 mae-

448 531 558 560 rore
584 531 782 578 urgear,
807 513 1036 577 profecto
1061 514 1214 561 vides.
1284 513 1434 572 Quod
1458 516 1498 560 si
1524 513 1644 561 mihi
1670 532 1936 563 commune

447 618 562 647 cum
588 603 770 648 ceteris
797 608 948 658 esset,
975 603 1060 664 qui
1086 600 1321 647 videntur
1347 603 1398 646 in
1425 601 1606 648 eadem
1630 618 1782 649 causa
1809 619 1935 660 esse,

447 691 608 734 minor
640 705 755 734 mea
789 687 935 751 culpa
968 687 1225 735 videretur
1259 694 1313 734 et
1347 704 1407 734 eo
1441 687 1748 735 tolerabilior
1782 696 1933 736 esset.

448 775 592 821 Nunc
628 773 750 820 nihil
779 781 874 831 est,
905 774 1041 838 quod
1068 774 1371 831 consoletur,
1401 777 1493 822 nisi
1524 775 1646 838 quid
1676 782 1736 822 tu
1766 776 1934 832 efficis,

446 864 486 908 si
512 862 661 909 modo
688 865 844 908 etiam
870 878 1003 908 nunc
1030 861 1158 908 effici
1182 869 1371 925 potest,
1398 868 1456 908 ut
1482 878 1546 909 ne
1574 879 1674 925 qua
1699 862 1936 926 singulari

446 948 648 995 adficiat
673 948 964 995 calamitate
991 955 1045 995 et
1070 951 1262 995 iniuria.

507 1036 717 1082 Tardius
754 1035 819 1082 ad
866 1043 919 1082 te
957 1038 1124 1083 remisi
1160 1035 1500 1092 tabellarium,
1537 1036 1672 1100 quod
1707 1044 1934 1101 potestas

444 1123 682 1170 mittendi
708 1139 808 1169 non
833 1122 945 1169 fuit.
1016 1123 1062 1169 A
1089 1125 1189 1170 tuis
1222 1130 1275 1169 et
1311 1140 1629 1171 nummorum
1655 1127 1824 1187 accepi
1852 1124 1936 1172 HS

445 1215 536 1257 ffit‘i
568 1217 638 1266 et,
663 1212 1085 1257 vestimentorum
1111 1210 1247 1273 quod
1278 1209 1548 1274 opus-fuit.
1617 1210 1812 1269 Quibus
1844 1212 1935 1258 tibi

445 1297 714 1353 videbitur,
730 1296 880 1343 velim
897 1297 986 1344 des
1002 1296 1198 1344 litteras
1214 1314 1329 1344 meo
1346 1299 1562 1344 nomine.
1634 1297 1778 1344 Nosti
1795 1315 1935 1345 meos

445 1384 728 1430 familiares.
798 1383 847 1429 Si
884 1387 1083 1447 signum
1118 1387 1377 1447 requirent
1414 1392 1503 1431 aut
1538 1402 1762 1442 manum,
1798 1385 1936 1432 dices

443 1487 525 1517 me
550 1478 757 1534 propter
780 1471 1032 1518 custodias
1058 1487 1118 1518 ea
1143 1475 1343 1518 vitasse.

1149 1730 1227 1776 III

930 1843 1104 1873 CICERO
1139 1842 1313 1873 ATTICO
1349 1842 1445 1874 SAL.

87 1929 184 1976 Ser,
197 1929 418 1977 incastris
506 1924 641 1983 Quid
674 1923 755 1971 hic
791 1931 989 1988 agatur,
1023 1927 1149 1971 scire
1184 1927 1372 1987 poteris
1407 1941 1470 1971 ex
1507 1941 1583 1980 eo,
1619 1928 1702 1987 qui
1738 1925 1934 1972 litteras

86 1996 130 2042 Ρ
129 1997 274 2060 ‘'mpei
297 1997 369 2043 Id·
442 2011 630 2058 attulit.
701 2011 867 2069 Quem
913 2011 1101 2058 diutius
1147 2014 1307 2066 tenui,
1353 2014 1470 2074 quia
1515 2012 1700 2058 cotidie
1746 2012 1934 2076 aliquid

87 2063 190 2110 Iun‘
217 2082 260 2110 α’
286 2065 379 2114 706
442 2101 553 2145 novi
595 2099 1047 2161 exspectabamus3
1104 2115 1270 2161 neque
1309 2115 1440 2145 nunc
1478 2098 1715 2145 mittendi
1755 2106 1931 2146 tamen

441 2185 542 2232 ulla
566 2202 718 2232 causa
743 2184 839 2232 fuit
863 2192 1068 2248 praeter
1093 2202 1206 2232 eam
1230 2185 1294 2231 de
1320 2202 1420 2248 qua
1443 2186 1534 2231 tibi
1563 2186 1768 2232 rescribi
1794 2185 1928 2232 volu—

443 2275 544 2329 isti,
584 2272 719 2335 quod
773 2272 838 2318 ad
881 2271 991 2318 Kal.
1035 2271 1239 2330 Quinct.
1281 2275 1524 2335 pertinet,
1565 2272 1687 2335 quid
1725 2272 1921 2319 vellem.

442 2358 729 2421 Utrumque
750 2375 903 2422 grave
926 2365 1019 2414 est,
1041 2366 1094 2405 et
1113 2365 1219 2405 tarn
1240 2361 1377 2422 gravi
1399 2366 1627 2422 tempore
1648 2358 1931 2422 periculum

440 2452 617 2492 tantae
656 2449 917 2508 pecuniae,
957 2453 1009 2492 et
1047 2445 1198 2492 dubio
1237 2462 1402 2492 rerum
1441 2449 1581 2492 exitu
1619 2449 1732 2502 ista,
1771 2463 1932 2509 quam

440 2533 633 2588 scribis,
662 2533 910 2596 abruptio.
981 2532 1149 2591 Quare
1179 2539 1235 2579 ut
1263 2532 1360 2579 alia
1387 2536 1456 2579 sic
1484 2532 1577 2580 hoc
1606 2532 1682 2580 vel
1708 2535 1929 2579 maxime

438 2621 528 2680 356
