2014 3008
154 802 251 848 Ser.

152 868 376 915 Brundisi

159 937 287 984 VIII
309 936 380 983 Id.

153 1002 275 1049 Sext.
301 1020 344 1048 a.
374 1005 467 1053 707

789 221 1071 269 MARCUS
1115 221 1415 270 TULLIUS
1461 221 1710 271 CICERO
1753 230 1755 233 ’

1157 607 1327 653 XXIV

990 719 1164 750 CICERO
1199 719 1372 750 ATTICO
1407 719 1503 752 SAL.

573 799 717 857 Quae
745 799 936 847 dudum
965 801 1029 846 ad
1055 817 1136 847 me
1166 807 1219 847 et
1246 801 1396 864 (quae
1424 803 1579 848 etiam
1606 800 1671 849 ad
1696 818 1778 849 me
1806 803 1897 865 vis)
1925 802 2014 851 ad

505 885 718 932 Tulliam
756 887 819 933 de
857 904 938 933 me
976 890 1232 950 scripsisti,
1270 904 1330 933 ea
1367 890 1530 934 sentio
1567 904 1676 935 esse
1712 905 1844 936 vera.
1912 889 2014 956 EQ

505 989 614 1019 sum
647 976 888 1030 miserior,
926 977 1019 1020 etsi
1054 973 1175 1019 nihil
1210 974 1473 1022 videbatur
1507 974 1624 1021 addi·
1656 991 1819 1038 posse,
1853 959 2014 1039 quodfs'

505 1058 624 1105 mihi
652 1076 751 1106 non
778 1060 927 1107 modo
953 1063 1097 1107 irasci
1123 1063 1415 1124 gravissima
1440 1063 1619 1108 iniuria
1645 1069 1872 1125 accepta,
1897 1053 2014 1123 sed]

507 1163 569 1192 ne
589 1145 760 1193 dolere
779 1147 983 1210 quidem
1001 1150 1206 1210 impune
1224 1147 1360 1194 licet.
1416 1146 1585 1205 Quare
1602 1150 1732 1195 istuc
1749 1134 2014 1206 {erumnast

507 1232 654 1290 Quod
671 1250 785 1280 cum
802 1233 1082 1290 tulerimus,
1099 1241 1273 1280 tamen
1292 1233 1471 1280 eadem
1490 1240 1639 1281 erunt
1654 1223 2014 1300 perpetiendaf}

507 1336 639 1381 quae
670 1326 728 1366 tu
756 1336 820 1367 ne
850 1320 1082 1367 accidant
1111 1328 1168 1367 ut
1196 1337 1461 1368 caveamus
1490 1337 1678 1368 mones.
1747 1321 1823 1368 Ea
1852 1336 2014 1372 emm

506 1413 583 1452 est
613 1423 642 1452 a
673 1407 813 1454 nobis
843 1414 1104 1454 contracta
1134 1407 1296 1470 culpa,
1327 1414 1385 1454 ut
1415 1410 1550 1454 omni
1580 1414 1718 1454 statu
1749 1392 2014 1478 omnique.22;{

505 1493 686 1556 populo
713 1493 931 1540 eundem
958 1497 1152 1541 exitum
1178 1493 1413 1540 habitura
1438 1494 1681 1541 videatur.

566 1578 666 1626 Sed
691 1579 755 1626 ad
778 1596 944 1627 meam
969 1597 1174 1627 manum
1198 1581 1379 1635 redeo;
1421 1588 1570 1627 erunt
1596 1583 1730 1628 enim
1754 1580 1880 1628 haec
1904 1569 2014 1633 oc·⁷..3

503 1666 683 1713 cultius
710 1667 921 1730 agenda.
992 1667 1135 1723 Vide,
1162 1683 1365 1730 quaeso,
1393 1669 1548 1714 etiam
1575 1684 1707 1714 nunc
1733 1667 1796 1714 de
1824 1675 1979 1716 testa·
1996 1686 2007 1725 j

502 1760 692 1810 mento,
719 1753 855 1816 quod
881 1761 991 1800 tum
1018 1753 1210 1800 factum
1236 1770 1351 1800 cum
1377 1753 1462 1800 illa
1487 1753 1696 1801 haerere
1723 1761 2014 1826 coeperat&

503 1839 632 1895 Non,
651 1840 817 1896 credo,
836 1848 889 1887 te
914 1843 1210 1895 commovit;
1245 1856 1410 1904 neque
1437 1845 1571 1887 enim
1596 1844 1791 1905 rogavit
1816 1857 1880 1888 ne
1901 1853 2014 1892 me

503 1926 722 1989 quidem.
790 1925 906 1983 Sed,
940 1929 1079 1990 quasi
1116 1930 1189 1973 ita
1223 1930 1304 1984 sit,
1342 1929 1578 1990 quoniam
1613 1930 1664 1973 in
1700 1912 2014 1999 sermonem}

502 2016 600 2058 iam
624 2016 821 2070 venisti,
842 2016 1030 2076 poteris
1053 2030 1165 2060 eam
1188 2030 1410 2070 monere,
1433 2021 1490 2060 ut
1511 2013 1657 2060 alicui
1679 2017 1981 2076 committat,
2000 1999 2014 2079 ’ζ

501 2103 639 2146 cuius
667 2107 812 2146 extra
836 2099 1114 2163 periculum
1139 2099 1285 2147 huius
1310 2100 1428 2147 belli
1455 2099 1657 2147 fortuna
1682 2103 1762 2147 sit.
1833 2100 2014 2168 Ιέἶειιιί--ξ-ζ

502 2186 617 2232 dem
634 2187 728 2232 tibi
744 2189 1058 2249 potissimum
1077 2186 1243 2243 velim,
1261 2190 1300 2233 si
1319 2187 1455 2233 idem
1473 2186 1557 2233 illa
1576 2186 1744 2234 vellet.
1815 2186 2014 2251 Quam*

502 2272 706 2335 quidem
728 2272 835 2319 celo
858 2276 1092 2320 miseram
1115 2290 1197 2320 me
1220 2272 1314 2320 hoc
1337 2276 1531 2320 timere.

566 2359 646 2406 De
672 2358 756 2406 illo
785 2359 943 2407 altero
971 2363 1071 2407 scio
1100 2360 1335 2423 equidem
1363 2362 1532 2407 venire
1562 2376 1693 2407 nunc
1721 2359 1790 2406 nil
1817 2377 1977 2424 posse,
1997 2356 2014 2371 '¹

501 2446 590 2492 sed
617 2449 788 2509 seponi
817 2453 869 2493 et
895 2446 1132 2493 occultari
1158 2453 1384 2510 possunt,
1401 2453 1458 2493 ut
1487 2454 1632 2493 extra
1658 2449 1854 2493 ruinam
1880 2450 1978 2494 sint

502 2549 630 2587 eam,
652 2549 780 2596 quae
799 2533 1076 2597 impendet.
1134 2533 1281 2590 Nam,
1301 2533 1435 2598 quod
1456 2534 1626 2580 scribis
1647 2534 1787 2580 nobis
1810 2540 1978 2580 nostra

499 2636 586 2679 422
