1988 3008
62 746 159 794 Ser.

62 813 280 861 Luceriae

63 881 150 927 ΙΙΙ
168 889 246 928 aut

56 948 179 1012 prid.
204 947 275 995 Id.

63 1014 194 1061 Febr.
220 1032 264 1063 a.

65 1083 159 1133 705

695 211 975 261 MARCUS
1020 211 1319 260 TULLIUS
1365 211 1614 259 CICERO

1083 526 1221 573 XIIb

523 650 598 681 CN.
636 650 832 682 MAGNUS
869 650 1063 682 PROCOS.
1101 651 1138 681 S.
1176 651 1222 681 D.
1259 649 1300 681 L.
1338 650 1548 681 DOMITIO
1583 649 1777 680 PRocos.

476 742 633 790 Valde
666 746 816 789 miror
847 750 901 789 te
934 743 999 789 ad
1029 758 1112 789 me
1145 741 1266 788 nihil
1297 743 1513 789 scribere
1546 750 1600 789 et
1631 745 1796 805 potius
1829 741 1893 787 ab

413 817 518 864 aliis
539 834 690 881 quam
712 834 741 864 a
759 824 814 864 te
835 817 898 864 de
918 833 972 864 re
993 816 1194 880 publica
1212 833 1294 863 me
1315 819 1581 863 certiorem
1602 816 1723 863 fieri.
1791 815 1892 862 Nos

412 892 622 939 disiecta
652 909 805 938 manu
838 908 983 955 pares
1017 891 1299 938 adversario
1332 908 1440 938 esse
1474 908 1573 938 non
1604 904 1893 954 possumus;

412 969 681 1012 contractis
711 969 892 1012 nostris
921 969 1073 1029 copiis
1104 982 1249 1030 spero
1279 982 1368 1013 nos
1399 973 1452 1013 et
1481 969 1553 1013 rei
1581 964 1810 1029 publicae
1841 971 1895 1011 et

413 1043 664 1087 communi
690 1040 838 1087 saluti
862 1041 1099 1104 prodesse
1123 1057 1284 1104 posse.
1354 1039 1520 1099 Quam
1545 1041 1609 1087 ob
1632 1055 1758 1096 rem,
1781 1055 1894 1085 cum

414 1118 775 1171 constituisses,
802 1122 859 1162 ut
884 1114 1128 1162 Vibullius
1156 1114 1276 1162 mihi
1303 1118 1587 1179 scripserat,
1612 1131 1657 1162 a.
1685 1114 1733 1161 d.
1760 1129 1791 1160 v
1819 1113 1892 1160 Id.

416 1189 560 1237 Febr.
612 1189 827 1236 Corfinio
875 1190 1116 1254 proficisci
1166 1206 1280 1237 cum
1330 1192 1556 1237 exercitu
1603 1196 1657 1236 et
1703 1189 1768 1236 ad
1813 1205 1894 1247 me

415 1267 601 1321 venire,
642 1267 809 1322 miror,
850 1265 971 1328 quid
1010 1281 1190 1312 causae
1232 1264 1402 1322 fuerit,
1442 1281 1597 1328 quare
1638 1263 1895 1311 consilium

414 1342 638 1386 mutariS.
708 1339 837 1386 Nam
857 1339 942 1386 illa
961 1356 1128 1396 causa,
1145 1357 1298 1403 quam
1312 1339 1433 1387 mihi
1448 1339 1693 1387 Vibullius
1708 1339 1893 1395 scribit,

415 1414 536 1461 levis
568 1421 662 1471 est,
693 1421 746 1461 te
777 1422 1047 1478 propterea
1075 1422 1326 1462 moratum
1359 1431 1485 1471 esse,
1516 1413 1651 1478 quod
1681 1413 1895 1460 audieris

417 1489 683 1536 Caesarem
707 1489 873 1536 Firmo
895 1506 1213 1554 progressum
1237 1493 1287 1536 in
1311 1489 1543 1536 Castrum
1564 1489 1896 1536 Truentinum

417 1566 624 1611 venisse.
694 1563 899 1622 Quanto
932 1567 1066 1611 enim
1098 1567 1258 1628 magis
1291 1567 1691 1628 appropinquare
1724 1563 1896 1610 adver-

418 1641 573 1685 sarius
608 1641 792 1702 coepit,
829 1655 889 1686 eo
923 1640 1016 1686 tibi
1052 1639 1262 1686 celerius
1299 1639 1552 1704 agendum
1588 1646 1714 1695 erat,
1750 1646 1808 1686 ut
1842 1644 1896 1685 te

416 1729 615 1760 mecum
637 1716 983 1777 coniungeres,
1005 1717 1295 1778 priusquam
1319 1713 1502 1761 Caesar
1525 1721 1613 1761 aut
1634 1721 1780 1761 tuum
1800 1716 1898 1761 iter

416 1787 659 1851 impedire
685 1795 774 1834 aut
797 1805 879 1835 me
906 1789 993 1835 abs
1019 1796 1072 1836 te
1098 1789 1365 1836 excludere
1390 1796 1575 1852 posset.

481 1861 647 1920 Quam
669 1863 733 1909 ob
755 1879 862 1909 rem
885 1865 1040 1909 etiam
1063 1870 1217 1926 atque
1241 1866 1395 1910 etiam
1417 1871 1470 1910 te
1492 1880 1614 1928 rogo
1637 1870 1690 1910 et
1710 1861 1897 1920 hortor,

417 1937 469 1984 id
497 1937 632 2000 quod
660 1954 759 1983 non
788 1937 960 1984 destiti
990 1938 1326 2000 superioribus
1354 1937 1536 1985 litteris
1565 1955 1595 1984 a
1621 1944 1676 1984 te
1704 1944 1897 2001 petere,

418 2018 476 2058 ut
501 2014 661 2074 primo
688 2028 888 2074 quoque
915 2012 996 2058 die
1026 2011 1290 2059 Luceriam
1317 2012 1382 2059 ad
1406 2028 1490 2059 me
1517 2015 1730 2068 venires,
1757 2018 1897 2058 ante·

419 2102 570 2148 quam
610 2089 801 2148 copiae,
842 2103 965 2149 quas
1006 2089 1226 2133 instituit
1269 2085 1453 2133 Caesar
1492 2085 1806 2143 contrahere,
1846 2089 1896 2132 in

418 2177 575 2206 unum
598 2159 762 2206 locum
787 2167 991 2207 coactae
1018 2177 1103 2207 vos
1130 2177 1159 2207 a
1183 2161 1325 2207 nobis
1351 2159 1647 2207 distrahant.
1716 2159 1833 2218 Sed,
1857 2163 1896 2207 si

420 2240 585 2289 erunt,
635 2236 718 2296 qui
770 2240 823 2280 te
873 2233 1171 2296 impediant,
1221 2241 1279 2281 ut
1329 2233 1466 2281 villas
1516 2250 1629 2280 suas
1679 2241 1897 2291 servent,

420 2324 637 2370 aequum
675 2313 753 2353 est
788 2324 870 2354 me
908 2324 938 2354 a
972 2315 1026 2354 te
1063 2311 1352 2372 impetrare,
1389 2315 1447 2355 ut
1483 2307 1730 2364 cohortes,
1767 2324 1897 2372 quae

421 2398 482 2427 ex
511 2379 693 2427 Piceno
719 2387 771 2427 et
798 2380 1061 2427 Camerino
1087 2389 1351 2437 venerunt,
1377 2398 1507 2446 quae
1534 2381 1759 2430 fortunas
1785 2398 1898 2430 suas

420 2454 746 2518 reliquerunt,
773 2454 836 2502 ad
860 2471 941 2502 me
966 2458 1171 2502 missum
1197 2454 1362 2503 facias.

424 2638 511 2686 154
