1988 3008
725 230 1006 279 MARCUS
1049 228 1348 278 TULLIUS
1394 228 1645 276 CICERO

447 362 543 409 Hic
562 369 620 409 tu
640 365 691 408 in
711 377 792 408 me
812 359 935 407 illud
955 358 1223 406 desideras.
1293 357 1428 404 Nihil
1449 357 1512 405 de
1533 374 1615 404 me
1651 393 1663 404 .
1701 393 1713 405 .
1751 393 1762 405 .
1797 357 1926 415 dico,

447 443 526 489 alii
567 442 796 489 viderint.
864 440 961 486 Hic
998 438 1203 503 quidem
1240 455 1370 502 quae
1410 444 1487 485 est
1524 474 1534 484 .
1573 474 1583 485 .
1622 474 1632 484 .
1651 438 1669 484 ?
1689 437 1709 468 1
1775 438 1925 485 Domi

447 530 643 570 vestrae
689 523 808 568 estis
853 528 906 567 et
950 522 1088 566 eritis
1133 535 1306 566 omnes
1349 519 1481 565 boni.
1551 517 1675 577 Quis
1718 525 1829 566 tum
1873 535 1926 566 se

446 602 566 650 mihi
594 619 694 649 non
721 600 976 648 ostendit?
1024 602 1133 664 quis
1160 615 1292 646 nunc
1321 599 1466 646 adest
1492 597 1587 646 hoc
1614 598 1781 646 bello?
1847 597 1928 646 Sic

447 686 581 731 enim
604 685 704 729 iam
729 680 1083 745 appellandum
1108 687 1200 728 est.

511 762 694 810 Vibulli
732 779 811 809 res
850 769 1027 826 gestae
1067 767 1185 808 sunt
1224 759 1387 808 adhuc
1426 763 1692 807 maximae.
1763 759 1823 807 Id
1863 776 1927 807 ex

449 842 654 907 Pompei
685 843 867 890 litteris
898 856 1196 906 cognosces;
1245 844 1296 887 in
1328 841 1507 904 quibus
1541 840 1928 888 animadvertito

446 924 586 971 illum
604 923 785 980 locum,
805 923 888 970 ubi
910 925 1007 969 erit
1025 922 1180 984 διπλῆ.
1236 921 1459 977 Videbis,
1479 921 1543 968 de
1564 921 1740 968 Gnaeo
1758 927 1929 968 nostro

448 1008 552 1068 ipse
573 1003 814 1051 Vibullius
834 1003 955 1067 quid
972 1005 1245 1049 existimet.
1283 1001 1396 1061 Quo
1413 1004 1569 1066 igitur
1585 1000 1711 1048 haec
1729 1008 1929 1065 spectat

448 1084 640 1132 oratio?
707 1084 816 1148 Ego
848 1100 938 1147 pro
972 1081 1211 1147 Pompeio
1243 1082 1478 1130 lubenter
1510 1085 1666 1129 emori
1698 1097 1929 1146 possum3

448 1165 575 1212 facio
595 1165 748 1228 pluris
769 1166 991 1211 omnium
1011 1163 1269 1210 hominum
1289 1165 1543 1210 neminem
1560 1178 1572 1218 ;
1609 1162 1700 1210 sed
1718 1179 1819 1210 non
1837 1165 1929 1220 ita,

448 1262 547 1292 non
571 1248 621 1291 in
647 1262 707 1292 eo
731 1244 895 1291 iudico
919 1261 1060 1307 spem
1085 1243 1149 1291 de
1174 1243 1336 1291 salute
1360 1246 1433 1290 rei
1458 1243 1703 1306 publicae.
1771 1242 1930 1308 Signi-

449 1325 564 1372 ficas
599 1328 733 1372 enim
767 1325 1023 1389 aliquanto
1057 1341 1217 1381 secus,
1252 1341 1403 1388 quam
1438 1323 1649 1380 solebas,
1683 1331 1741 1371 ut
1776 1326 1931 1371 etiam

450 1406 613 1463 Italia,
640 1409 678 1452 si
706 1405 787 1452 ille
815 1405 982 1460 cedat,
1009 1412 1157 1468 putes
1184 1404 1483 1452 cedendum.
1538 1403 1688 1463 Quod
1715 1421 1811 1469 ego
1838 1421 1931 1452 nec

448 1490 518 1533 rei
541 1486 770 1550 publicae
791 1493 916 1549 puto
939 1502 1047 1532 esse
1071 1485 1194 1532 utile
1218 1502 1310 1532 nec
1325 1485 1494 1532 liberis
1510 1488 1652 1541 meis,
1667 1491 1932 1548 praeterea

449 1583 614 1630 neque
638 1573 832 1614 rectum
858 1582 1022 1629 neque
1048 1565 1332 1612 honestum.
1382 1564 1482 1612 Sed
1506 1582 1592 1612 cur
1617 1564 1644 1581 “
1671 1563 1931 1612 Poterisne

449 1650 602 1711 igitur
625 1646 792 1694 videre
818 1646 1123 1710 tyrannum?
1150 1644 1177 1661 ”
1223 1645 1376 1704 Quasi
1401 1649 1618 1702 intersit,
1643 1645 1844 1693 audiam
1868 1662 1932 1693 an

449 1727 663 1784 videam,
698 1734 786 1774 aut
821 1726 1114 1790 locupletior
1147 1725 1265 1773 mihi
1302 1729 1367 1773 sit
1402 1725 1719 1791 quaerendus
1757 1733 1932 1774 auctor

450 1825 600 1870 quam
625 1807 882 1862 Socrates;
925 1810 1027 1871 qui,
1051 1824 1166 1854 cum
1189 1823 1283 1853 xxx
1307 1810 1508 1871 tyranni
1534 1814 1720 1863 essent,
1746 1806 1930 1870 pedem

450 1895 595 1951 porta
635 1902 731 1934 non
773 1887 970 1935 extulit.
1059 1887 1151 1935 Est
1191 1886 1309 1934 mihi
1351 1894 1616 1951 praeterea
1664 1890 1934 1951 praecipua

449 1985 598 2014 causa
636 1968 885 2014 manendi.
957 1968 1036 2015 De
1075 1985 1175 2031 qua
1219 1970 1411 2015 utinam
1454 1968 1722 2031 aliquando
1762 1974 1931 2015 tecum

451 2047 648 2111 loquar!

515 2129 623 2192 Ego
647 2145 737 2175 xm
767 2128 998 2186 Kalend,
1022 2146 1134 2176 cum
1161 2129 1338 2176 eadem
1365 2128 1567 2175 lucerna
1590 2128 1719 2175 hanc
1744 2131 1932 2192 epistu-

452 2207 548 2255 lam
578 2212 899 2272 scripsissem,
928 2227 1027 2272 qua
1055 2209 1416 2256 inflammaram
1446 2216 1603 2265 tuam,
1634 2209 1840 2256 Formiis
1869 2209 1934 2257 ad

453 2287 763 2351 Pompeium,
799 2293 834 2335 si
874 2289 937 2336 de
974 2306 1096 2353 pace
1134 2297 1387 2354 ageretur,
1425 2289 1756 2352 profecturus,
1791 2292 1830 2336 si
1868 2289 1932 2337 de

451 2368 599 2425 bello,
624 2369 743 2432 quid
767 2370 885 2416 ero?

510 2464 524 2487 ¹
552 2464 655 2514 after
683 2477 750 2503 me
776 2464 860 2504 and
888 2469 954 2504 est
981 2465 1087 2506 there
1115 2467 1154 2506 is
1180 2479 1206 2505 a
1234 2445 1354 2517 space
1383 2466 1452 2518 lest
1480 2466 1526 2504 in
1555 2466 1619 2513 M,
1650 2465 1843 2517 probably
1862 2465 1932 2518 sor

451 2531 559 2557 some
579 2517 703 2611 Gt‘reelc
723 2518 864 2566 words,
887 2533 957 2570 aq.
980 2517 1138 2571 ἀξίωμα
1158 2519 1242 2559 and
1268 2519 1437 2570 ἀξίωσις
1455 2533 1504 2559 as
1525 2519 1682 2571 Tyrrell
1700 2519 1784 2559 and
1805 2519 1932 2560 Orelli.

451 2583 593 2620 suqqes
613 2600 623 2611 .

457 2653 542 2694 104
