1988 3008
695 294 979 343 MARCUS
1023 294 1324 342 TULLIUS
1369 294 1621 342 CICERO

411 426 625 472 maiores
680 426 839 471 nostri
893 422 1225 470 funestiorem
1280 422 1415 470 diem
1471 439 1581 470 esse
1636 421 1903 470 voluerunt

411 502 628 549 Aliensis
652 516 855 564 pugnae
880 516 1033 564 quam
1057 500 1192 546 urbis
1215 506 1415 563 captae,
1439 498 1575 563 quod
1596 498 1691 546 hoc
1713 498 1902 546 malum

413 595 477 625 ex
502 578 587 624 illo
614 578 810 641 (itaque
837 576 967 624 alter
991 576 1252 641 religiosus
1281 579 1437 623 etiam
1463 592 1596 623 nunc
1622 575 1748 633 dies,
1774 575 1903 623 alter

412 657 463 701 in
495 654 673 719 vulgus
704 654 947 718 ignotus),
978 656 1047 700 sic
1079 670 1175 717 ego
1207 653 1386 700 decem
1417 669 1662 700 annorum
1691 659 1904 717 peccata

411 731 696 788 recordans,
723 734 775 778 in
802 731 983 794 quibus
1009 733 1175 777 inerat
1200 729 1283 777 ille
1312 732 1469 777 etiam
1496 746 1674 787 annus,
1701 731 1787 794 qui
1812 745 1903 776 nos

411 808 506 856 hoc
544 824 645 855 non
684 806 1015 863 defendente,
1053 823 1118 854 ne
1158 806 1324 853 dicam
1362 809 1580 870 gravius,
1619 805 1902 862 adflixerat,

411 887 795 949 praesentisque
826 886 1069 947 temporis
1098 899 1405 948 cognoscens
1434 886 1800 940 temeritatem,
1829 886 1903 948 ig-

411 965 629 1018 naviam,
677 961 1059 1025 neglegentiam
1107 960 1477 1007 suscensebam.
1545 959 1647 1008 Sed
1694 977 1756 1008 ea
1801 963 1903 1007 iam

411 1038 533 1086 mihi
574 1038 901 1093 exciderunt;
957 1037 1206 1085 beneficia
1245 1037 1472 1084 eiusdem
1510 1039 1696 1101 cogito,
1735 1040 1903 1102 cogito

413 1118 570 1162 etiam
605 1115 939 1179 dignitatem3
990 1113 1234 1178 intellego
1269 1116 1426 1161 serius
1461 1114 1716 1177 equidem,
1751 1131 1903 1178 quam

412 1192 612 1248 vellem,
658 1198 867 1255 propter
913 1191 1154 1255 epistulas
1201 1207 1559 1255 sermonesque
1606 1190 1767 1248 Balbi,
1813 1191 1904 1240 sed

413 1269 560 1316 video
584 1268 735 1333 plane
759 1267 882 1316 nihil
907 1268 1043 1316 aliud
1068 1271 1168 1332 agi,
1192 1266 1315 1314 nihil
1340 1274 1511 1315 actum
1537 1269 1600 1315 ab
1625 1270 1786 1324 initio,
1810 1272 1902 1316 nisi

413 1353 472 1393 ut
526 1345 659 1393 hunc
715 1345 985 1393 occideret.
1053 1345 1164 1408 Ego
1219 1347 1391 1408 igitur,
1447 1347 1576 1392 sicut
1630 1345 1712 1392 ille
1769 1345 1904 1409 apud

412 1421 711 1479 Homerum,
734 1425 814 1469 cui
839 1428 893 1469 et
916 1428 1082 1468 mater
1105 1428 1159 1468 et
1183 1421 1281 1468 dea
1304 1421 1541 1468 dixisset:

494 1531 665 1578 Αὐτίκα
687 1531 778 1594 γάρ
802 1551 874 1578 τοι
899 1530 1052 1577 ἔπειτα
1075 1528 1176 1591 μεθ’
1194 1527 1400 1591 Ἔκταρα
1424 1530 1600 1591 πότμος
1626 1530 1822 1593 ἕτοιμος,

412 1639 563 1684 matri
589 1639 696 1699 ipse
724 1635 1012 1699 respondit:

480 1737 653 1786 Αὐτίκα
709 1738 937 1798 τεθναίην,
997 1736 1094 1784 ἐπεὶ
1152 1739 1232 1785 οὐκ
1290 1735 1360 1798 ἄρ’
1418 1738 1618 1799 ἔμελλον
1675 1739 1835 1803 ἑταίρῳ

481 1804 749 1868 κτεινομένῳ
775 1808 1016 1864 ἐπαμῦναι.

413 1910 567 1969 Quid,
590 1913 630 1956 si
665 1926 766 1956 non
804 1911 964 1974 ἑταίρῳ
1001 1908 1179 1966 solum,
1202 1909 1292 1957 sed
1328 1912 1484 1957 etiam
1520 1912 1750 1976 εὐεργέτῃ,
1774 1911 1903 1959 adde

412 1987 503 2034 tali
525 1989 628 2034 viro
650 1986 807 2034 talem
828 2003 1031 2033 causam
1053 1987 1262 2051 agenti?
1329 1987 1440 2050 Ego
1463 2003 1580 2034 vero
1599 1986 1726 2035 haec
1746 1989 1905 2036 officia

413 2063 686 2112 mercanda
729 2066 833 2110 vita
876 2070 1017 2126 puto.
1086 2063 1433 2126 Optimatibus
1478 2080 1595 2111 vero
1639 2067 1740 2112 tuis
1782 2065 1905 2113 nihil

412 2140 628 2196 confido,
655 2139 778 2186 nihil
804 2142 906 2186 iam
933 2156 997 2186 ne
1026 2142 1240 2187 inservio
1268 2140 1489 2203 quidem.
1558 2141 1737 2198 Video,
1764 2149 1823 2189 ut
1849 2159 1904 2191 se

413 2215 529 2263 huic
565 2216 708 2272 dent,
743 2223 802 2262 ut
836 2216 1004 2263 daturi
1040 2219 1155 2263 sint.
1224 2216 1508 2279 Quicquam
1542 2223 1600 2263 tu
1635 2217 1720 2264 illa
1753 2225 1903 2282 putas

415 2292 568 2339 fuisse
601 2292 665 2339 de
699 2292 990 2339 valetudine
1023 2292 1229 2340 decreta
1260 2295 1642 2356 municipiorum
1675 2311 1796 2357 prae
1827 2294 1904 2342 his

416 2369 480 2415 de
500 2371 708 2415 victoria
725 2368 1182 2432 gratulationibus?
1242 2368 1269 2385 “
1289 2368 1544 2426 Timent‚’'
1559 2372 1771 2434 inquies.
1831 2372 1904 2419 At

414 2448 509 2508 ipsi
549 2452 661 2492 tum
702 2461 755 2492 se
796 2448 1023 2492 timuisse
1065 2446 1255 2493 dicunt.
1324 2445 1425 2493 Sed
1465 2446 1741 2504 videamus,
1783 2449 1904 2512 quid
1987 2491 1988 2503 ἢ

414 2528 586 2569 actum
633 2524 698 2568 sit
744 2521 990 2569 Brundisi.
1060 2523 1138 2569 Ex
1187 2539 1247 2570 eo
1295 2522 1506 2571 fortasse
1555 2523 1652 2571 alia
1698 2525 1903 2572 consilia
1987 2516 1988 2541 *

415 2605 685 2645 nascentur
714 2598 943 2663 aliaeque
972 2598 1190 2646 litterae.

418 2701 503 2746 192
