1988 3008
721 254 1006 302 MARCUS
1050 253 1353 301 TULLIUS
1399 253 1650 300 CICERO

433 402 523 432 cae
554 401 705 431 causa
734 399 874 429 mare
904 385 1236 429 transiturum
1267 398 1511 444 eramque
1541 384 1594 427 in
1623 397 1712 444 spe
1742 398 1929 445 magna

433 452 540 498 fore
563 459 620 498 ut
641 454 692 496 in
716 450 864 496 Italia
884 465 1144 512 possemus
1161 455 1250 495 aut
1265 448 1584 494 concordiam
1598 450 1927 504 constituere,

434 535 534 581 qua
568 517 689 563 mihi
723 516 846 562 nihil
881 515 1052 562 utilius
1088 515 1371 570 videbatur,
1407 521 1496 561 aut
1529 530 1638 561 rem
1671 514 1927 577 publicam

434 598 631 631 summa
661 600 777 629 cum
809 582 1061 646 dignitate
1094 581 1386 628 defendere.
1458 581 1671 627 Interim
1702 580 1927 627 nondum

433 653 559 697 meis
587 650 771 696 litteris
801 649 866 695 ad
894 656 948 695 te
978 647 1186 711 perlatis
1218 665 1280 694 ex
1309 650 1368 693 iis
1397 647 1669 703 mandatis,
1699 663 1829 710 quae
1861 647 1925 693 D.

436 716 609 764 Laelio
635 716 700 763 ad
724 715 952 762 consules
979 715 1209 770 dederaS,
1235 717 1419 760 certior
1444 717 1519 760 tui
1545 713 1741 760 consilii
1765 712 1930 760 factus

435 800 535 830 non
564 784 873 845 exspectavi,
902 782 1023 828 dum
1051 780 1173 827 mihi
1204 797 1233 827 a
1260 788 1314 827 te
1341 780 1546 827 litterae
1575 780 1927 836 redderentur,

434 846 804 911 confestimque
838 865 953 895 cum
987 848 1179 906 Quinto
1212 846 1369 893 fratre
1404 854 1458 893 et
1490 863 1606 893 cum
1637 846 1808 893 liberis
1841 863 1923 893 no-

437 919 552 963 stris
568 919 667 962 iter
684 916 749 962 ad
764 922 819 962 te
835 917 888 961 in
904 915 1143 977 Apuliam
1159 913 1327 960 facere
1344 916 1502 976 coepi.
1554 912 1683 960 Cum
1698 913 1927 960 Teanum

436 982 711 1030 Sidicinum
734 984 1000 1037 venissem,
1025 981 1079 1027 C.
1109 980 1344 1036 Messius,
1367 979 1628 1026 familiaris
1651 986 1787 1035 tuus,
1809 978 1930 1025 mihi

437 1050 567 1097 dixit
585 1049 769 1112 aliique
788 1047 1070 1111 complures
1090 1047 1359 1094 Caesarem
1376 1049 1475 1093 iter
1492 1045 1681 1093 habere
1701 1045 1928 1108 Capuam

440 1123 494 1163 et
519 1132 579 1163 eo
603 1119 712 1179 ipso
738 1115 820 1162 die
845 1131 1138 1161 mansurum
1164 1130 1273 1160 esse
1300 1114 1591 1160 Aeserniae.
1661 1111 1792 1159 Sane
1817 1129 1929 1159 sum

436 1189 735 1238 commotus,
768 1182 920 1245 quod,
952 1184 991 1227 si
1023 1184 1098 1227 ita
1130 1188 1282 1235 esset,
1315 1196 1416 1226 non
1446 1179 1596 1226 modo
1627 1182 1726 1226 iter
1756 1195 1928 1226 meum

436 1249 783 1304 interclusum,
805 1248 893 1295 sed
914 1264 996 1294 me
1017 1250 1181 1311 ipsum
1201 1247 1351 1309 plane
1373 1253 1647 1308 exceptum
1666 1246 1927 1308 putabam.

439 1316 622 1378 Itaque
659 1323 770 1361 tum
808 1314 952 1361 Cales
990 1317 1225 1377 processi,
1262 1321 1320 1359 ut
1357 1314 1424 1359 ibi
1461 1315 1779 1376 potissimum
1815 1328 1928 1358 con·

438 1386 686 1438 sisterem,
711 1382 831 1428 dum
856 1388 1052 1427 certum
1075 1381 1217 1427 nobis
1243 1381 1307 1426 ab
1331 1380 1580 1426 Aesernia
1604 1379 1668 1426 de
1694 1395 1770 1434 eo,
1795 1378 1931 1442 quod

438 1449 714 1504 audieram,
739 1447 1027 1494 referretur.

502 1516 575 1561 At
607 1514 746 1569 mihi,
781 1531 895 1560 cum
931 1513 1132 1559 Calibus
1168 1529 1348 1568 essem,
1383 1511 1611 1558 adfertur
1645 1511 1930 1558 litterarum

396 1579 399 1581 “
438 1588 641 1628 tuarum
676 1581 986 1642 exemplum,
1019 1596 1143 1642 quas
1176 1587 1234 1626 tu
1268 1579 1333 1625 ad
1367 1578 1641 1625 Lentulum
1673 1578 1929 1625 consulem

438 1651 676 1694 misisse—s.v
741 1647 852 1693 Hae
889 1650 1105 1709 scriptae
1141 1649 1210 1693 sic
1246 1652 1408 1699 erant,
1445 1645 1642 1691 litteras
1676 1645 1770 1691 tibi
1806 1661 1836 1690 a
1872 1644 1928 1690 L.

441 1715 667 1761 Domitio
687 1730 730 1759 a.
752 1714 800 1760 d.
821 1729 912 1759 xm
937 1713 1047 1759 Kal.
1071 1711 1285 1758 Martias
1305 1711 1482 1758 allatas
1502 1728 1611 1758 esse
1631 1712 1926 1774 (earumque

443 1780 731 1843 exemplum
777 1780 1189 1842 subscripseras);
1251 1781 1524 1842 magnique
1567 1781 1812 1824 interesse
1857 1781 1925 1824 rei

441 1847 672 1910 publicae
699 1849 966 1908 scripseras
993 1862 1166 1892 omnes
1193 1848 1360 1908 copias
1387 1848 1547 1908 primo
1574 1860 1774 1907 quoque
1800 1850 1927 1890 tem-

442 1929 562 1976 pore
587 1916 638 1959 in
664 1930 820 1959 unum
844 1912 1008 1959 locum
1033 1915 1317 1967 convenire,
1343 1918 1397 1958 et
1421 1918 1496 1967 ut,
1521 1911 1771 1974 praesidio
1796 1910 1931 1973 quod

440 1983 561 2026 satis
582 1987 733 2036 esset,
754 1979 957 2042 Capuae
976 1978 1300 2042 relinqueret.
1356 1978 1447 2024 His
1468 1994 1564 2041 ego
1583 1977 1768 2024 litteris
1786 1977 1931 2024 lectis

445 2049 494 2092 in
535 2046 715 2093 eadem
745 2049 989 2108 opinione
1028 2044 1099 2092 fui
1140 2061 1240 2108 qua
1277 2044 1454 2107 reliqui
1495 2059 1686 2100 omnes,
1723 2050 1778 2090 te
1816 2060 1930 2090 cum

442 2113 671 2159 omnibus
711 2115 864 2174 copiis
905 2111 970 2158 ad
1010 2111 1281 2158 Corfinium
1322 2127 1431 2157 esse
1471 2117 1769 2164 venturum;
1826 2125 1926 2172 quo

442 2178 580 2233 mihi,
605 2195 720 2225 cum
746 2178 930 2224 Caesar
956 2178 1021 2224 ad
1045 2178 1287 2241 oppidum
1311 2184 1476 2224 castra
1500 2175 1731 2232 haberet,
1754 2183 1926 2223 tutum

442 2248 539 2291 iter
565 2261 673 2291 esse
699 2261 798 2291 non
824 2245 1117 2291 arbitrabar.

509 2311 636 2357 Cum
663 2327 741 2357 res
767 2314 819 2356 in
846 2327 1042 2358 summa
1069 2312 1451 2372 exspectatione
1479 2315 1631 2364 esset,
1658 2316 1930 2372 utrumque

445 2377 590 2423 simul
609 2377 906 2432 audivimus,
926 2384 979 2423 et
998 2393 1128 2439 quae
1149 2377 1331 2422 Corfini
1351 2383 1467 2422 acta
1485 2382 1671 2431 essent,
1691 2382 1744 2422 et
1762 2383 1815 2422 te
1833 2378 1931 2422 iter

444 2443 763 2489 Brundisium
798 2442 963 2489 facere
997 2446 1250 2506 coepisse;
1301 2458 1517 2505 cumque
1552 2458 1645 2488 nec
1679 2441 1798 2488 mihi
1836 2458 1928 2488 nec

443 2509 585 2555 fratri
602 2525 716 2556 meo
733 2509 941 2556 dubium
960 2516 1110 2566 esset,
1128 2512 1248 2573 quin
1264 2509 1583 2556 Brundisium
1598 2507 1927 2556 contendere-

448 2676 534 2722 140
