1988 3008
685 221 975 269 MARCUS
1019 221 1320 269 TULLIUS
1366 220 1616 269 CICERO

406 350 499 396 bus
525 366 626 396 non
650 357 776 413 puto
803 366 912 397 esse
938 349 1378 406 committendum,
1405 356 1462 396 ut
1487 348 1603 397 illuc
1628 349 1893 407 ducantur,

408 433 470 462 ex
514 417 694 479 quibus
735 423 911 463 tamen
953 433 1053 463 non
1095 416 1308 479 amplius
1350 432 1465 463 xun
1507 415 1740 464 cohortes
1780 433 1895 464 con-

407 481 610 529 trahere
655 485 815 545 potui,
861 483 997 546 quod
1041 483 1166 530 duas
1209 483 1530 530 Brundisium
1573 485 1685 530 misi
1728 499 1895 547 neque

408 548 680 595 Canusium
711 552 817 596 sine
848 549 1116 613 praesidio,
1147 549 1270 597 dum
1301 550 1549 606 abessem,
1579 552 1754 612 putavi
1786 566 1895 598 esse

405 615 781 662 dimittendum.

471 682 535 727 D.
555 681 728 728 Laelio
742 681 1055 738 mandaram,
1071 681 1207 745 quod
1220 684 1433 730 maiores
1448 684 1616 745 copias
1632 683 1896 746 sperabam

406 764 496 794 nos
529 747 806 804 habituros,
840 756 915 804 ut,
949 751 988 795 si
1022 750 1161 795 vobis
1195 748 1469 805 videretur,
1503 749 1632 796 alter
1664 756 1780 796 uter
1811 766 1894 797 ve-

406 821 566 860 strum
594 814 659 861 ad
683 831 765 861 me
792 818 1004 870 veniret,
1032 815 1160 861 alter
1184 818 1237 861 in
1262 814 1481 862 Siciliam
1507 832 1622 862 cum
1648 832 1710 862 ea
1733 818 1895 879 copia,

407 897 561 943 quam
579 881 783 944 Capuae
810 888 863 928 et
879 885 1063 928 circum
1092 881 1318 944 Capuam
1342 885 1685 945 comparastis,
1704 889 1758 929 et
1781 899 1896 930 cum

409 949 467 993 iis
521 947 781 1004 militibus,
836 965 960 1010 quos
1015 948 1231 994 Faustus
1285 948 1428 1012 legit,
1481 948 1897 1011 proficisceretur,

410 1013 663 1060 Domitius
680 1031 794 1060 cum
810 1030 882 1060 ΧΠ
899 1017 998 1061 suis
1016 1013 1304 1062 cohortibus
1322 1015 1500 1061 eodem
1519 1015 1895 1079 adiungeretur,

409 1079 632 1142 reliquae
654 1083 827 1143 copiae
849 1098 1023 1128 omnes
1043 1080 1363 1128 Brundisium
1383 1089 1686 1145 cogerentur
1707 1089 1761 1130 et
1778 1082 1897 1130 inde

410 1148 618 1193 navibus
659 1146 995 1210 Dyrrachium
1034 1154 1514 1211 transportarentur.
1583 1148 1745 1205 Nunc,
1783 1165 1897 1196 cum

409 1211 502 1259 hoc
548 1220 778 1276 tempore
822 1213 974 1260 nihilo
1015 1218 1176 1278 magis
1219 1231 1314 1278 ego
1356 1231 1508 1277 quam
1550 1232 1635 1261 vos
1677 1215 1896 1262 subsidio

408 1279 636 1326 Domitio
667 1283 739 1326 ire
771 1283 975 1343 possim,
1012 1316 1022 1327 .
1062 1316 1072 1327 .
1112 1317 1121 1327 .
1159 1297 1212 1327 se
1253 1297 1344 1344 per
1384 1288 1583 1328 montes
1627 1282 1894 1345 explicare,

407 1362 509 1392 non
525 1353 603 1392 est
618 1347 760 1393 nobis
779 1346 1220 1403 committendum,
1236 1354 1294 1394 ut
1317 1347 1381 1394 ad
1402 1347 1492 1394 has
1514 1363 1628 1394 xnn
1646 1347 1894 1404 cohortes,

406 1428 531 1474 quas
577 1412 730 1460 dubio
776 1416 942 1460 animo
988 1412 1169 1469 habeo,
1215 1413 1375 1460 hostis
1422 1414 1664 1461 accedere
1711 1422 1801 1462 aut
1844 1418 1896 1462 in

406 1481 588 1525 itinere
618 1495 701 1526 me
731 1483 969 1543 consequi
999 1483 1172 1543 possit.

470 1544 636 1603 Quam
682 1547 746 1592 ob
790 1563 898 1592 rem
977 1546 1186 1593 lacitum
1233 1553 1311 1593 est
1355 1545 1477 1592 mihi
1524 1547 1667 1609 (talia
1711 1547 1857 1595 video
1875 1547 1894 1578 ¹

405 1614 597 1657 censeri
642 1611 715 1658 M.
763 1564 1005 1659 Marceflo
1048 1620 1101 1660 et
1142 1616 1324 1660 ceteris
1366 1616 1524 1660 nostri
1565 1614 1767 1670 ordinis,
1809 1617 1894 1677 qui

405 1675 486 1723 hic
506 1678 662 1740 sunt),
683 1685 741 1724 ut
760 1678 1081 1726 Brundisium
1101 1679 1339 1727 ducerem
1358 1679 1488 1726 hanc
1507 1683 1722 1743 copiam,
1741 1698 1894 1743 quam

405 1760 605 1790 mecum
625 1743 804 1791 habeo.
872 1745 972 1792 Vos
993 1745 1182 1802 hortor,
1203 1753 1279 1802 ut,
1301 1746 1655 1810 quodcumque
1674 1747 1894 1795 militum

404 1810 702 1858 contrahere
719 1814 968 1878 poteritis,
984 1811 1293 1859 contrahatis
1310 1820 1364 1860 et
1380 1813 1560 1860 eodem
1575 1813 1894 1861 Brundisium

405 1879 618 1923 veniatis
651 1894 802 1940 quam
834 1881 1066 1941 primum.
1134 1879 1292 1925 Arma
1323 1896 1454 1942 quae
1487 1880 1552 1926 ad
1582 1897 1664 1927 me
1696 1883 1892 1927 missuri

405 1946 575 1998 eratis,
592 1946 651 1989 iis
669 1960 850 1990 censeo
870 1948 1074 1992 armetis
1099 1945 1302 2002 milites,
1321 1963 1443 2009 quos
1463 1948 1717 1993 vobiscum
1741 1946 1894 1994 habe-

403 2011 484 2055 tis.
554 2009 697 2067 Quae
718 2027 857 2057 arma
875 2013 1203 2074 superabunt,
1224 2029 1284 2058 ea
1303 2015 1342 2059 si
1360 2013 1681 2060 Brundisium
1698 2016 1890 2061 iumen-

403 2077 468 2120 tis
498 2075 838 2138 deportaritis,
868 2077 1198 2125 vehementer
1226 2082 1297 2125 rei
1327 2079 1558 2142 publicae
1587 2079 1891 2142 profueritis.

405 2140 485 2187 Dc
517 2140 611 2188 hac
641 2159 695 2189 re
728 2143 876 2190 velim
908 2151 1103 2191 nostros
1134 2147 1373 2192 certiores
1405 2145 1616 2192 faciatis.
1685 2146 1796 2210 Ego
1829 2147 1893 2193 ad

405 2205 459 2253 P.
485 2207 686 2270 Lupum
709 2217 762 2255 et
785 2209 838 2255 C.
864 2210 1144 2273 Coponium
1164 2218 1423 2274 praetores
1446 2215 1574 2268 misi,
1599 2218 1655 2258 ut
1676 2228 1730 2259 se
1753 2213 1891 2259 vobis

405 2276 786 2337 coniungerent,
819 2283 871 2322 et
901 2277 1118 2324 militum
1149 2277 1285 2341 quod
1314 2277 1562 2325 haberent
1593 2278 1658 2325 ad
1688 2295 1773 2326 vos
1804 2279 1888 2326 de-

404 2338 663 2387 ducerent.

687 2466 700 2488 l
731 2466 834 2504 talia
852 2467 976 2506 video
996 2467 1155 2518 Tyrrell
1166 2483 1176 2515 ;
1211 2468 1317 2508 altia
1336 2468 1459 2508 video
1478 2469 1609 2509 MSS.

412 2634 491 2680 152
