1988 3008
710 218 993 267 MARCUS
1038 219 1340 268 TULLIUS
1386 221 1637 269 CICERO

428 349 630 393 interim
659 346 857 395 litteras
887 355 1143 412 exspecto.
1213 348 1351 396 Servi
1380 349 1584 396 consilio
1615 350 1735 396 nihil
1766 367 1916 414 expe-

427 427 577 474 ditur.
646 427 837 475 Omnes
855 431 1115 491 captiones
1133 431 1184 474 in
1203 432 1337 475 omni
1356 433 1613 477 sententia
1631 438 1914 478 occurrunt.

428 506 600 554 Unum
650 506 704 554 C.
761 507 1060 555 Marcellum
1111 512 1319 573 cognovi
1373 509 1708 566 timidiorem;
1766 526 1917 574 quem

426 586 682 634 consulem
714 587 866 635 fuisse
898 591 1144 652 paenitet.
1198 590 1263 638 ”ss
1300 594 1483 652 πολλῆς
1520 590 1777 655 ἀγεννείας-Ξ
1825 593 1911 654 qui

428 670 584 713 etiam
600 667 880 715 Antonium
897 668 1215 716 confirmasse
1233 669 1434 726 dicitur,
1452 676 1510 717 ut
1525 686 1608 716 me
1626 670 1916 734 impediret,

428 763 528 809 quo
553 750 677 811 ipse,
702 748 870 805 credo,
895 747 1169 796 honestius.
1238 749 1490 797 Antonius
1517 756 1693 797 autem
1718 766 1769 796 vl
1799 750 1917 798 Idus

428 827 654 891 Capuam
701 827 957 892 profectus
1007 836 1099 876 est.
1168 829 1252 876 Ad
1299 846 1381 877 me
1430 833 1567 877 misit
1616 846 1670 877 se
1724 830 1918 893 pudore

428 907 729 954 deterritum
768 908 834 955 ad
870 925 953 955 me
993 925 1092 956 non
1131 912 1343 966 venisse,
1384 909 1520 974 quod
1558 926 1639 956 me
1681 911 1773 957 sibi
1814 927 1917 958 sus-

427 1003 632 1035 censere
677 995 898 1052 putaret.
969 989 1131 1036 Ibitur
1174 992 1328 1053 igitur
1374 997 1427 1037 et
1470 993 1544 1037 ita
1590 990 1816 1053 quidem,
1861 997 1918 1037 ut

428 1084 620 1125 censes,
667 1071 759 1115 nisi
806 1071 945 1116 cuius
993 1072 1232 1133 gravioris
1279 1086 1524 1134 personae
1572 1070 1917 1134 suscipiendae

430 1165 543 1211 spes
601 1151 698 1195 erit
751 1156 870 1196 ante
929 1149 1115 1196 oblata.
1201 1149 1301 1197 Sed
1354 1153 1434 1197 vix
1490 1152 1587 1197 erit
1640 1157 1748 1197 tam
1800 1153 1914 1197 cito.

429 1228 655 1275 Allienus
709 1236 881 1276 autem
930 1236 1132 1293 praetor
1180 1231 1396 1293 putabat
1445 1230 1682 1294 aliquem,
1733 1233 1772 1276 si
1823 1247 1917 1294 ego

430 1325 547 1364 non,
596 1325 658 1355 ex
712 1309 915 1373 collegis
976 1313 1090 1356 suis.
1174 1309 1346 1368 Quivis
1407 1310 1542 1367 licet,
1590 1310 1709 1357 dum
1769 1310 1918 1357 modo

430 1388 620 1452 aliquis.

495 1469 575 1516 De
605 1486 771 1516 sorore
801 1469 964 1517 laudo.
1035 1470 1114 1517 De
1146 1470 1336 1529 Quinto
1366 1487 1522 1534 puero
1554 1470 1705 1518 datur
1735 1486 1918 1535 opera3

431 1565 575 1613 spero
601 1566 709 1596 esse
733 1549 953 1596 meliora.
1025 1550 1104 1597 De
1130 1549 1320 1609 Quinto
1344 1549 1501 1597 fratre
1525 1553 1652 1597 scito
1677 1567 1794 1598 eum
1818 1567 1918 1598 non

429 1629 751 1676 mediocriter
786 1630 1011 1677 laborare
1048 1630 1111 1677 de
1147 1647 1366 1688 versura,
1403 1631 1493 1678 sed
1529 1630 1692 1677 adhuc
1729 1630 1852 1676 nihil
1889 1647 1918 1677 a

432 1710 489 1756 L.
527 1710 747 1774 Egnatio
785 1713 1046 1774 expressit.
1115 1711 1274 1757 Axius
1311 1711 1375 1758 de
1413 1710 1680 1758 duodecim
1718 1710 1918 1758 milibus

431 1790 650 1854 pudens!
712 1788 874 1854 Saepe
897 1793 1031 1836 enim
1053 1790 1118 1837 ad
1137 1807 1219 1838 me
1240 1793 1455 1854 scripsit,
1477 1798 1535 1837 ut
1558 1790 1739 1847 Gallio,
1763 1807 1916 1854 quan-

430 1878 542 1917 tum
576 1873 615 1917 is
651 1869 820 1926 vellet,
855 1870 1043 1918 darem.
1112 1870 1301 1929 Quodsi
1338 1887 1437 1918 non
1473 1873 1771 1935 scripsisset,
1805 1887 1915 1934 pos—

431 1967 603 1997 semne
633 1950 811 1997 aliter?
879 1950 947 1997 Et
975 1950 1180 2014 quidem
1208 1967 1359 2014 saepe
1389 1968 1499 1997 sum
1527 1950 1796 2014 pollicitus,
1826 1950 1916 1997 sed

431 2037 632 2077 tantum
674 2030 830 2078 voluit
883 2033 999 2077 cito.
1071 2030 1160 2078 Me
1209 2047 1326 2078 vero
1382 2031 1680 2078 adiuvarent
1734 2030 1810 2077 his
1867 2034 1918 2077 in

432 2113 690 2174 angustiis.
759 2110 860 2158 Sed
889 2111 939 2157 di
969 2111 1116 2158 istos!
1184 2111 1372 2157 Verum
1403 2111 1539 2158 alias.
1608 2110 1680 2158 Te
1711 2127 1742 2157 a
1772 2127 1918 2174 quar-

431 2197 553 2237 tana
583 2190 852 2237 liberatum
883 2190 1082 2255 gaudeo
1114 2194 1339 2254 itemque
1375 2189 1566 2237 Piliam.
1637 2190 1763 2254 Ego,
1797 2190 1918 2237 dum

431 2273 573 2334 panis
602 2277 656 2316 et
682 2277 853 2317 cetera
879 2274 931 2317 in
957 2287 1139 2318 navem
1166 2278 1424 2335 parantur,
1453 2287 1663 2318 excurro
1690 2273 1743 2316 in
1773 2270 1917 2317 Pom-

431 2354 683 2414 peianum.
751 2350 991 2397 Vettieno
1037 2350 1186 2397 velim
1230 2353 1437 2414 gratias,
1484 2350 1619 2413 quod
1664 2349 1917 2397 studiosus

433 2432 525 2484 sit;
568 2433 606 2476 si
633 2446 938 2493 quemquam
963 2438 1176 2478 nanctus
1202 2434 1314 2487 eris,
1341 2434 1424 2495 qui
1450 2429 1691 2494 perferat,
1720 2429 1916 2477 litteras

431 2509 538 2565 des,
566 2516 840 2574 antequam
866 2510 1180 2558 discedimus.

429 2632 519 2678 340
