1988 3008
80 2073 176 2121 Scr.
210 2073 407 2122 Formiis

82 2140 219 2187 XIII
236 2140 298 2187 K.

81 2206 229 2253 Mart.
255 2224 298 2254 α.

81 2274 174 2323 705

710 236 994 284 MARCUS
1038 235 1340 283 TULLIUS
1386 234 1637 282 CICERO

492 366 605 424 Quo
638 369 802 412 minus
835 367 1034 420 mirere,
1068 367 1108 410 si
1140 366 1326 410 invitus
1359 366 1411 409 in
1446 379 1559 410 eam
1591 379 1795 410 causam
1829 362 1915 410 de-

429 433 631 488 scendo,
648 435 701 478 in
719 448 819 495 qua
835 447 1002 494 neque
1020 433 1156 493 pacis
1174 446 1342 493 neque
1360 432 1599 477 victoriae
1617 432 1747 476 ratio
1766 446 1918 493 quae-

428 502 526 546 sita
542 502 607 545 sit
624 514 882 560 umquam,
900 497 990 544 sed
1007 513 1206 559 semper
1222 495 1503 560 flagitiosae
1522 503 1576 543 et
1592 495 1918 543 calamitosae

427 565 580 629 fugae
598 581 609 611 ι
651 564 891 620 eundum,
913 570 989 620 ut,
1013 579 1384 626 quemcumque
1407 561 1508 610 fors
1530 562 1707 609 tulerit
1729 578 1918 619 casum,

428 633 638 678 subeam
661 633 830 694 potius
855 647 971 677 cum
994 633 1071 686 iis,
1097 633 1181 692 qui
1207 629 1444 676 dicuntur
1469 645 1578 676 esse
1603 630 1740 685 boni,
1766 645 1919 692 quam

428 698 600 745 videar
618 714 648 744 a
663 698 807 744 bonis
825 697 1107 743 dissentire.
1143 696 1254 742 Etsi
1272 712 1429 759 prope
1447 695 1584 742 diem
1601 695 1747 743 video
1763 696 1918 742 bono-

428 781 558 820 rum,
582 764 634 811 id
660 770 738 810 est
761 763 1015 824 lautorum
1041 770 1095 809 et
1118 762 1446 825 locupletum,
1471 763 1651 809 urbem
1674 760 1919 809 refertam

428 830 553 887 fore,
579 833 862 892 municipiis
889 846 1007 876 vero
1034 828 1110 874 his
1137 828 1325 876 relictis
1352 828 1749 875 refertissimam.
1805 827 1919 887 Quo

429 914 525 960 ego
559 900 610 942 in
645 913 854 943 numero
890 912 1071 951 essem,
1106 898 1146 941 si
1180 894 1271 942 hos
1304 895 1506 941 lictores
1540 894 1918 942 molestissimos

428 980 529 1010 non
561 962 820 1018 haberem,
854 979 948 1008 nec
981 978 1064 1008 me
1101 960 1192 1007 M’.
1231 961 1430 1024 Lepidi,
1464 961 1521 1007 L.
1557 961 1779 1017 Volcaci,
1812 960 1917 1008 Ser.

428 1029 616 1093 Sulpici
631 1032 873 1076 comitum
888 1031 1196 1091 paeniteret,
1213 1044 1426 1091 quorum
1442 1044 1592 1074 nemo
1609 1044 1703 1075 nec
1720 1027 1920 1075 stultior

429 1103 508 1143 est
541 1112 693 1159 quam
727 1095 784 1142 L.
821 1095 1076 1142 Domitius
1109 1111 1203 1141 nec
1235 1097 1600 1141 inconstantior
1632 1111 1784 1158 quam
1817 1094 1915 1158 Ap.

429 1162 680 1209 Claudius.
751 1161 895 1208 Unus
923 1159 1191 1224 Pompeius
1218 1177 1300 1208 me
1327 1167 1500 1207 movet
1525 1160 1791 1217 beneficio,
1817 1177 1919 1208 non

429 1232 749 1275 auctoritate.
818 1227 985 1286 Quam
1009 1230 1144 1274 enim
1166 1227 1250 1274 ille
1273 1226 1463 1274 habeat
1487 1230 1846 1274 auctoritatem
1867 1230 1920 1274 in

427 1294 521 1342 hac
547 1295 731 1341 causa?
777 1297 880 1357 qui,
906 1310 1021 1341 cum
1048 1310 1221 1340 omnes
1249 1293 1518 1341 Caesarem
1543 1295 1918 1350 metuebamus,

428 1364 535 1424 ipse
571 1378 688 1408 eum
723 1361 985 1425 diligebat,
1019 1367 1291 1423 postquam
1323 1363 1431 1423 ipse
1466 1367 1697 1408 metuere
1731 1363 1918 1424 coepit,

427 1434 577 1491 putat
602 1444 776 1474 omnes
799 1426 971 1474 hostes
995 1427 1066 1473 illi
1091 1434 1325 1490 oportere
1351 1443 1477 1474 esse.
1529 1427 1719 1474 Ibimus
1743 1434 1919 1474 tamen

430 1494 709 1540 Luceriam.
779 1493 885 1540 Nec
919 1510 1036 1540 eum
1069 1493 1282 1540 fortasse
1316 1493 1595 1540 delectabit
1627 1500 1800 1540 noster
1833 1493 1919 1541 ad-

428 1567 609 1607 ventus
626 1575 637 1614 ;
670 1560 981 1607 dissimulare
997 1563 1131 1606 enim
1146 1576 1246 1607 non
1259 1566 1438 1623 potero
1452 1559 1592 1616 mihi,
1606 1575 1738 1623 quae
1753 1559 1918 1607 adhuc

428 1633 544 1673 acta
565 1629 683 1681 sint,
706 1626 983 1689 displicere.
1029 1626 1157 1690 Ego,
1180 1629 1218 1673 si
1243 1643 1474 1673 somnum
1495 1642 1678 1690 capere
1700 1642 1918 1690 possem,

427 1699 536 1739 tam
562 1692 723 1755 longis
751 1700 804 1739 te
833 1692 1059 1755 epistulis
1088 1709 1188 1739 non
1215 1693 1567 1740 obtunderem.
1635 1693 1730 1749 Tu,
1757 1695 1798 1740 si
1824 1694 1918 1741 tibi

429 1759 609 1805 eadem
634 1775 784 1805 causa
810 1766 905 1815 est,
930 1776 1011 1806 me
1037 1775 1360 1806 remunerere
1385 1775 1506 1806 sane
1532 1758 1697 1807 velim.

923 2002 1096 2033 CICERO
1133 2003 1305 2033 ATTICO
1341 2003 1437 2034 SAL.

496 2073 623 2119 Mihi
657 2090 773 2120 vero
806 2076 973 2120 omnia
1003 2081 1167 2137 grata,
1200 2080 1253 2120 et
1285 2074 1420 2136 quod
1452 2076 1691 2137 scripsisti
1723 2073 1786 2122 ad
1818 2091 1918 2132 me,

431 2157 561 2203 quae
582 2141 828 2196 audieras,
848 2147 902 2186 et
921 2140 1055 2203 quod
1076 2157 1174 2187 non
1193 2140 1468 2196 credidisti,
1487 2157 1618 2203 quae
1637 2141 1790 2205 digna
1809 2141 1917 2188 dili-

431 2210 606 2270 gentia
626 2223 740 2253 mea
761 2223 862 2253 non
883 2213 1046 2262 erant,
1068 2213 1121 2253 et
1143 2206 1278 2270 quod
1298 2209 1555 2263 monuisti,
1576 2207 1713 2270 quod
1732 2210 1917 2254 sentie-

431 2274 535 2319 bas.
604 2273 715 2336 Ego
735 2273 799 2319 ad
818 2273 1085 2319 Caesarem
1106 2289 1229 2320 unas
1249 2272 1423 2336 Capua
1439 2272 1636 2320 litteras
1655 2273 1791 2329 dedi,
1810 2277 1917 2338 qui-

432 2341 524 2386 bus
548 2339 612 2385 ad
636 2355 696 2385 ea
718 2342 964 2402 rescripsi,
987 2355 1118 2402 quae
1140 2356 1340 2386 mecum
1362 2339 1444 2386 ille
1469 2339 1532 2386 de
1556 2339 1917 2403 gladiatoribus

432 2408 530 2452 suis
561 2412 754 2468 egerat,
782 2406 977 2461 breves,
1007 2405 1096 2452 sed
1122 2406 1528 2452 benevolentiam
1559 2406 1917 2469 significantes,

431 2488 531 2517 non
563 2471 712 2517 modo
745 2475 850 2518 sine
884 2471 1207 2527 contumelia,
1239 2472 1329 2518 sed
1363 2475 1518 2518 etiam
1550 2489 1664 2518 cum
1697 2475 1918 2519 maxima

1034 2590 1050 2613 ²
1079 2589 1141 2629 Cf.
1174 2602 1213 2640 p.
1244 2590 1311 2629 69.

435 2661 519 2691 100
