1988 3008
700 166 983 214 MARCUS
1027 166 1329 214 TULLIUS
1375 167 1628 216 CICERO

414 301 472 340 ut
514 297 893 350 constitueram,
936 297 1122 357 possim
1163 295 1362 350 videre;
1422 299 1590 342 omnia
1631 297 1773 344 nobis
1814 300 1906 344 im-

414 364 604 423 paratis
641 360 854 424 agenda.
923 359 1023 408 Sed
1059 368 1235 408 tamen
1271 362 1396 410 ἅλλα
1431 365 1515 424 μὲν
1550 365 1703 418 αὐτός,
1739 370 1797 410 ut
1833 366 1906 410 ait

418 426 518 482 ille,
543 429 669 475 ἄλλα
704 427 751 475 δὲ
784 429 858 475 καὶ
887 427 1062 487 δαίμων
1086 430 1387 490 ὑποθήσεται.
1456 427 1709 492 Quicquid
1734 445 1904 493 egero,

413 495 652 539 continuo
695 495 836 539 scies.
908 492 1160 540 Mandata
1204 494 1431 541 Caesaris
1475 495 1540 541 ad
1580 494 1808 542 consules
1851 503 1905 543 et

413 559 479 605 ad
517 557 831 621 Pompeium,
870 575 1001 622 quae
1040 577 1204 623 rogas,
1243 560 1378 607 nulla
1416 560 1580 608 habeo
1618 561 1902 624 descript-23

412 641 545 687 quae
592 625 783 681 attulit,
813 625 899 671 illa
929 642 957 672 e
990 629 1069 672 via
1088 626 1107 655 1
1138 630 1249 673 misi
1281 627 1346 673 ad
1377 634 1429 673 te
1462 634 1610 682 ante3
1660 644 1689 674 e
1720 628 1900 691 quibus

411 690 654 738 mandata
672 699 797 754 puto
816 691 1044 755 intellegi
1064 709 1224 755 posse.
1295 691 1552 756 Philippus
1573 693 1786 757 Neapoli
1805 701 1900 751 est,

413 757 659 804 Lentulus
686 756 924 804 Puteolis.
995 759 1075 805 De
1104 759 1348 816 Domitio,
1375 767 1433 806 ut
1459 759 1600 816 facis,
1627 763 1901 817 sciscitare,

411 825 497 870 ubi
519 826 600 879 sit,
622 824 743 887 quid
762 827 970 888 cogitet.

477 889 626 948 Quod
670 892 843 937 scribis
889 893 1112 953 asperius
1157 908 1256 948 me,
1302 908 1454 955 quam
1497 895 1596 939 mei
1642 895 1903 955 patiantur

411 972 594 1012 mores,
625 956 689 1003 de
722 957 966 1020 Dionysio
998 960 1270 1020 scripsisse,
1301 958 1432 1013 vide,
1465 975 1618 1022 quam
1648 962 1742 1005 sim
1773 963 1905 1006 anti„

412 1039 626 1084 quorum
653 1022 928 1069 hominum.
997 1024 1069 1070 Te
1097 1024 1294 1071 medius
1324 1025 1470 1071 fidius
1498 1024 1628 1072 hanc
1655 1041 1763 1072 rem
1789 1042 1901 1089 gra-

412 1091 519 1134 vius
549 1092 723 1151 putavi
754 1089 975 1136 laturum
1007 1106 1116 1136 esse
1147 1107 1301 1153 quam
1331 1107 1428 1138 me.
1498 1091 1646 1147 Nam,
1676 1099 1904 1154 praeter—

412 1171 566 1216 quam
590 1155 727 1218 quod
751 1163 804 1202 te
831 1159 1020 1202 moveri
1046 1158 1260 1203 arbitror
1285 1165 1520 1220 oportere
1544 1160 1743 1214 iniuria,
1768 1174 1900 1221 quae

410 1220 532 1266 mihi
556 1238 586 1267 a
609 1238 865 1284 quoquam
883 1222 1020 1269 facta
1039 1226 1122 1279 sit,
1141 1230 1410 1286 praeterea
1428 1231 1482 1271 te
1501 1227 1666 1287 ipsum
1682 1224 1903 1288 quodam

410 1287 561 1334 modo
599 1287 680 1334 hic
719 1288 940 1344 violavit,
979 1305 1094 1335 cum
1130 1292 1183 1335 in
1220 1306 1303 1337 me
1343 1297 1451 1337 tam
1487 1291 1743 1353 improbus
1781 1289 1894 1338 fuit.

411 1352 528 1409 Sed,
555 1361 614 1400 tu
639 1354 693 1401 id
720 1358 898 1417 quanti
926 1359 1181 1412 aestimes,
1208 1363 1356 1403 tuum
1382 1356 1627 1403 iudicium
1654 1363 1761 1413 est;
1805 1373 1900 1404 nec

410 1426 585 1466 tamen
624 1423 677 1466 in
715 1420 811 1468 hoc
850 1422 944 1468 tibi
986 1425 1257 1485 quicquam
1298 1426 1462 1470 oneris
1501 1426 1720 1486 impono.
1788 1423 1900 1487 Ego

410 1493 585 1532 autem
610 1486 751 1533 illum
776 1487 908 1534 male
936 1504 1114 1534 sanum
1140 1505 1340 1552 semper
1365 1492 1557 1552 putavi,
1583 1506 1716 1536 nunc
1743 1493 1900 1536 etiam

410 1555 663 1615 impurum
693 1561 747 1600 et
776 1554 1078 1601 sceleratum
1107 1562 1232 1618 puto
1262 1571 1355 1602 nec
1385 1563 1560 1602 tamen
1588 1555 1710 1602 mihi
1737 1558 1901 1602 inimi-

409 1621 596 1665 ciorem
611 1635 764 1682 quam
779 1621 887 1666 sibi.
958 1619 1251 1685 Philargyro
1266 1623 1397 1669 bene
1412 1625 1613 1669 curasti.
1683 1622 1900 1669 Causam

409 1691 548 1731 certe
576 1684 798 1732 habuisti
826 1693 879 1733 et
908 1703 1078 1733 veram
1106 1695 1159 1735 et
1186 1689 1390 1745 bonam,
1417 1688 1651 1735 relictum
1679 1705 1789 1736 esse
1816 1705 1899 1735 me

409 1754 577 1813 potius
602 1768 755 1814 quam
778 1752 1056 1816 reliquisse.

473 1817 601 1863 Cum
633 1818 887 1865 dedissem
917 1822 1019 1866 iam
1050 1819 1247 1866 litteras
1279 1836 1323 1867 a.
1359 1820 1406 1867 d.
1440 1836 1533 1867 vm
1569 1819 1702 1877 Kal.,
1733 1823 1895 1884 pueri,

410 1899 534 1944 quos
554 1900 669 1930 cum
692 1884 857 1931 Matio
878 1892 932 1932 et
951 1886 1190 1933 Trebatio
1211 1890 1464 1943 miseram,
1485 1886 1755 1950 epistulam
1776 1886 1895 1933 mihi

410 1950 694 1997 attulerunt
717 1951 811 1998 hoc
835 1952 1069 2014 exemplo
1095 1969 1106 1999 ε

557 2055 584 2072 “
610 2072 793 2103 MATIUS
829 2073 891 2103 ET
923 2073 1197 2105 TREBA‘rms
1232 2074 1462 2105 mcrmom
1498 2075 1604 2106 IMP.
1642 2075 1739 2106 SAL.

472 2161 599 2208 Cum
627 2162 801 2225 Capua
829 2167 1122 2220 exissemus,
1151 2168 1203 2210 in
1229 2168 1411 2212 itinere
1440 2166 1718 2212 audivimus
1748 2164 1894 2212 Pom·

407 2231 578 2290 peium
610 2228 873 2276 Brundisio
906 2247 950 2277 a.
986 2231 1033 2277 d.
1068 2246 1150 2277 xvl
1188 2231 1249 2278 K.
1284 2231 1484 2295 Apriles
1516 2249 1631 2279 cum
1663 2233 1894 2279 omnibus

464 2392 480 2417 ¹
509 2391 648 2432 habeo
689 2393 927 2445 descriptam
987 2408 1097 2446 quae
1138 2396 1292 2436 attulit
1331 2396 1404 2436 illa
1444 2411 1467 2437 e
1509 2398 1580 2438 via
1627 2398 1862 2449 Wesenberg,
1879 2410 1894 2439 .·

405 2444 544 2485 habeo
565 2450 610 2486 et
630 2447 846 2499 descripta
866 2449 1020 2488 attulit
1039 2449 1111 2489 illa
1131 2463 1154 2490 e
1174 2451 1246 2490 via
1268 2451 1320 2490 M
1320 2450 1399 2492 SS.

407 2563 496 2622 258
