1988 3008
87 638 183 686 Sor.
218 637 416 685 Formiis

86 705 167 752 IV
186 705 308 752 Non.

89 771 237 818 Mart.
263 790 306 819 a.

90 841 183 889 705

719 233 1002 281 MARCUS
1046 232 1346 281 TULLIUS
1391 232 1642 281 CICERO

1119 423 1239 470 XVI

981 547 1154 577 CICERO
1189 546 1376 577 ATTICO.

503 638 686 686 Omnia
717 637 834 684 mihi
869 642 1064 702 provisa
1096 645 1214 684 sunt
1244 644 1448 701 praeter
1478 636 1729 684 occultum
1761 642 1815 684 et
1844 643 1924 683 tu-

439 733 549 772 tum
574 729 672 772 iter
699 725 764 772 ad
788 742 926 772 mare
954 737 1206 788 superum.
1276 723 1385 771 Hoc
1413 727 1547 771 enim
1572 727 1698 770 mari
1723 726 1799 770 uti
1824 740 1925 770 non

443 829 702 876 possumus
731 811 824 859 hoc
853 820 1083 876 tempore
1113 815 1245 858 anni.
1315 810 1438 858 Illuc
1467 819 1658 867 autem,
1687 827 1786 874 quo
1815 826 1925 874 spe-

439 907 546 946 ctat
564 903 776 956 animus,
787 907 840 946 et
857 916 956 962 quo
973 915 1051 946 res
1068 906 1231 955 vocat,
1248 916 1348 962 qua
1363 899 1596 945 veniam?
1628 897 1925 944 Cedendum

440 990 573 1033 enim
610 994 687 1033 est
720 986 969 1043 celeriter,
1004 1003 1067 1033 ne
1102 985 1233 1033 forte
1269 1002 1369 1050 qua
1401 1002 1455 1032 re
1489 984 1736 1049 impediar
1769 991 1925 1048 atque

439 1074 628 1138 alliget.
698 1074 804 1120 Nec
833 1090 950 1120 vero
977 1073 1060 1120 ille
1089 1090 1170 1120 me
1200 1073 1357 1129 ducit,
1386 1075 1471 1137 qui
1499 1072 1727 1127 videtur3
1773 1088 1926 1135 quem

440 1177 535 1224 ego
571 1160 826 1207 hominem
862 1163 1252 1210 ἀπολιτικώτατον
1288 1163 1512 1206 omnium
1546 1163 1647 1206 iam
1689 1166 1809 1206 ante
1847 1175 1926 1205 co-

438 1265 665 1311 gnoram,
683 1265 815 1294 nunc
832 1265 950 1295 vero
976 1251 1131 1294 etiam
1156 1249 1637 1312 ἀστρατηγητότατον.
1707 1246 1820 1292 Non
1843 1261 1926 1291 me

438 1338 593 1398 igitur
631 1338 670 1381 is
710 1335 866 1391 ducit,
905 1335 996 1382 sed
1033 1351 1196 1382 sermo
1234 1334 1511 1390 hominum,
1550 1337 1635 1397 qui
1675 1333 1740 1380 ad
1776 1350 1858 1380 me
1898 1349 1928 1379 a

441 1420 709 1468 Philotimo
737 1423 984 1468 scribitur.
1055 1422 1103 1468 Is
1133 1424 1267 1468 enim
1295 1438 1376 1467 me
1406 1422 1470 1468 ab
1498 1421 1827 1484 optimatibus
1856 1423 1928 1466 ait

439 1509 710 1556 conscindi.
760 1509 954 1566 Quibus
974 1510 1322 1572 optimatibus,
1340 1509 1391 1554 di
1408 1509 1525 1554 boni
1544 1509 1552 1554 l
1574 1510 1659 1571 qui
1678 1524 1808 1554 nunc
1828 1523 1927 1570 quo

439 1597 589 1642 modo
616 1603 900 1651 occurrunt,
928 1613 1026 1659 quo
1053 1596 1203 1642 modo
1230 1603 1404 1642 autem
1431 1611 1483 1642 se
1511 1594 1777 1641 venditant
1804 1594 1927 1640 Cae-

441 1687 537 1729 sari
555 1684 564 1730 !
623 1683 902 1746 Municipia
921 1700 1038 1730 vero
1059 1683 1211 1729 deum
1229 1699 1240 1737 ;
1265 1699 1357 1729 nec
1377 1682 1632 1738 simulant,
1653 1689 1710 1728 ut
1729 1699 1843 1728 eum
1864 1681 1927 1728 de

440 1771 523 1817 illo
545 1779 753 1834 aegroto
774 1777 893 1817 vota
912 1770 1183 1816 faciebant.
1244 1769 1344 1816 Sed
1364 1770 1532 1832 plane,
1553 1768 1791 1832 quicquid
1810 1768 1925 1814 mali

439 1857 518 1904 hic
546 1856 835 1904 Pisistratus
861 1874 961 1903 non
986 1856 1182 1913 fecerit,
1208 1864 1315 1903 tam
1341 1864 1543 1921 gratum
1571 1860 1685 1912 erit,
1711 1872 1863 1919 quam
1888 1858 1925 1901 si

440 1946 592 1992 alium
627 1945 792 1992 facere
827 1943 1154 2008 prohibuerit.
1225 1942 1504 2007 Propitium
1538 1942 1671 1990 hune
1705 1949 1927 2006 sperant,

445 2033 583 2079 illum
608 2038 793 2078 iratum
817 2039 1018 2095 putant.
1071 2031 1209 2089 Quas
1231 2031 1338 2077 fieri
1363 2047 1538 2077 censes
1562 2032 1842 2093 ἀπαντήσεις
1864 2045 1927 2075 ex

441 2113 654 2183 oppidis,
674 2136 797 2182 quos
815 2118 1056 2165 honores!
1111 2117 1137 2134 ‘⁶
1164 2115 1462 2174 Metuunt,’'
1481 2119 1693 2180 inquies.
1749 2115 1927 2172 Credo,

443 2207 530 2253 sed
554 2206 840 2253 mehercule
863 2206 1003 2252 illum
1025 2208 1200 2269 magis.
1271 2204 1433 2251 Huius
1456 2203 1691 2250 insidiosa
1712 2203 1927 2250 clemen-

442 2298 515 2340 tia
538 2294 874 2348 delectantur,
895 2292 1024 2339 illius
1045 2292 1356 2339 iracundiam
1377 2290 1664 2337 formidant.
1734 2290 1929 2336 Iudices

445 2381 508 2428 de
535 2395 694 2435 CCCLX,
722 2383 806 2442 qui
832 2382 1101 2443 praecipue
1130 2379 1305 2425 Gnaeo
1332 2384 1502 2424 nostro
1528 2377 1928 2433 delectabantur,

447 2485 508 2514 ex
534 2468 712 2530 quibus
735 2466 919 2512 cotidie
943 2466 1160 2528 aliquem
1184 2466 1346 2521 video,
1368 2467 1534 2510 nescio
1557 2480 1680 2527 quas
1703 2467 1808 2510 eius
1833 2462 1929 2510 Lu-

444 2559 600 2602 cerias
617 2553 834 2599 horrent.
907 2553 1087 2616 Itaque
1106 2570 1310 2616 quaero,
1327 2555 1408 2615 qui
1428 2555 1523 2597 sint
1543 2554 1622 2597 isti
1641 2554 1929 2614 optimates,

449 2658 531 2703 172
