1988 3008
690 153 973 202 MARCUS
1017 154 1318 202 TULLIUS
1365 155 1619 203 CICERO

408 282 510 330 Sed
547 281 848 330 stomachari
888 282 1174 330 desinamus
1215 289 1268 330 et
1307 282 1575 346 aliquando
1614 287 1891 332 sentiamus

409 349 532 396 nihil
572 350 714 396 nobis
755 351 866 405 nisi,
906 349 958 396 id
999 349 1135 412 quod
1175 352 1381 397 minime
1423 350 1621 407 vellem,
1662 354 1897 414 spiritum

409 416 657 478 reliquum
681 431 805 462 esse.

474 482 594 537 Nos,
622 484 858 545 quoniam
885 498 1123 544 superum
1149 498 1287 528 mare
1315 482 1591 539 obsidetur,
1616 482 1778 531 infero
1804 500 1890 531 na-

409 550 706 612 vigabimus,
734 555 804 604 et,
831 551 870 594 si
898 546 1120 595 Puteolis
1147 552 1244 596 erit
1270 549 1486 605 difficile,
1513 549 1785 597 Crotonem
1810 567 1896 613 pe-

409 622 575 661 temus
618 621 708 661 aut
747 614 958 661 Thurios
1001 622 1054 661 et
1095 616 1212 662 boni
1253 618 1386 662 cives
1428 623 1658 663 amantes
1698 619 1896 680 patriae

407 698 546 728 mare
587 680 829 728 infestum
869 680 1182 728 habebimus.
1251 682 1418 728 Aliam
1458 685 1709 730 rationem
1749 682 1895 730 huius

407 747 526 794 belli
560 747 773 811 gerendi
808 747 997 794 nullam
1031 747 1192 795 video.
1264 748 1323 794 In
1356 749 1655 812 Aegyptum
1688 766 1778 796 nos
1813 751 1897 796 ab-

407 814 600 861 demus.
669 814 913 860 Exercitu
948 831 1095 877 pares
1133 831 1242 861 esse
1280 831 1380 861 non
1416 831 1706 878 possumus3
1761 819 1897 879 pacis

408 881 532 927 fides
555 880 692 927 nulla
716 887 808 927 est.
878 879 978 927 Sed
1001 880 1126 927 haec
1150 884 1272 927 satis
1296 881 1560 944 deplorata
1583 889 1716 929 sunt.

469 947 546 993 Tu
571 947 722 993 velim
746 947 942 994 litteras
969 946 1262 1010 Cephalioni
1289 948 1378 994 des
1403 948 1467 994 de
1494 949 1723 995 omnibus
1748 949 1898 996 rebus

407 1016 551 1069 actis,
589 1013 808 1076 denique
846 1016 1003 1060 etiam
1040 1014 1104 1061 de
1141 1016 1454 1061 sermonibus
1489 1013 1769 1072 hominum,
1806 1018 1898 1063 nisi

406 1080 556 1143 plane
603 1081 983 1127 obmutuerunt.
1052 1081 1162 1144 Ego
1209 1084 1309 1127 tuis
1355 1081 1572 1128 consiliis
1618 1098 1738 1129 usus
1787 1099 1899 1130 sum

405 1149 746 1210 maximeque,
773 1147 909 1210 quod
936 1154 989 1194 et
1014 1150 1321 1210 gravitatem
1346 1150 1398 1194 in
1423 1164 1701 1212 congressu
1727 1156 1899 1196 nostro

407 1216 567 1270 tenui,
595 1230 748 1276 quam
775 1213 945 1270 debui,
974 1221 1045 1270 et,
1073 1214 1138 1261 ad
1164 1215 1343 1261 urbem
1369 1221 1428 1261 ut
1454 1231 1555 1261 non
1582 1215 1899 1272 accederem,

405 1283 735 1343 perseveravi.
804 1279 954 1338 Quod
994 1287 1241 1343 superest,
1281 1281 1460 1337 scribe,
1501 1297 1705 1344 quaeso,
1746 1298 1898 1345 quam

406 1349 784 1393 accuratissime
808 1347 928 1410 (iam
952 1349 1086 1393 enim
1109 1354 1339 1394 extrema
1360 1347 1516 1411 sunt),
1539 1348 1660 1411 quid
1681 1347 1897 1411 placeat,

405 1413 528 1476 quid
551 1428 786 1468 censeas3
832 1416 927 1460 etsi
953 1416 1053 1459 iam
1081 1413 1216 1460 nulla
1242 1414 1494 1461 dubitatio
1521 1421 1616 1461 est.
1683 1415 1895 1471 Tamen,

403 1483 445 1526 si
475 1480 595 1542 quid
624 1479 704 1527 vel
731 1483 899 1543 potius
920 1481 1157 1544 quicquid
1181 1483 1351 1528 veniet
1375 1483 1426 1527 in
1450 1488 1694 1538 mentem,
1712 1482 1898 1528 scribas

406 1546 572 1594 velim.

400 2573 490 2619 270
