2008 3002
80 628 240 677 Sonin
257 629 414 676 itinere

717 241 1000 289 MARCUS
1045 241 1346 290 TULLIUS
1391 241 1644 290 CICERO

1127 411 1231 458 VIa

731 534 913 565 CAESAR
948 534 1054 565 IMP.
1092 533 1129 565 s.
1167 534 1214 564 n.
1251 534 1479 565 mcmiom
1516 534 1621 565 ῐΜΡ.

500 625 625 672 Cum
656 625 895 672 Furnium
922 634 1147 672 nostrum
1174 632 1377 672 tantum
1403 625 1638 673 vidissem
1664 641 1830 689 neque
1855 624 1924 672 lo-

79 696 141 743 in.
170 715 228 742 m.
261 697 410 744 Mart.
437 706 520 766 qui
548 718 714 766 neque
742 701 915 749 audire
940 719 1055 749 meo
1081 702 1344 748 commodo
1369 705 1665 765 potuissem,
1689 718 1924 766 propera—

80 779 123 809 a.
150 764 244 814 705

81 1921 178 1968 Scr.
204 1922 250 1969 in

82 1989 280 2035 Formiis
307 1989 391 2035 III

86 2054 152 2101 ld.
180 2054 329 2102 Mart.

81 2139 124 2167 a.
152 2123 245 2172 705

436 796 543 827 rem
565 786 720 843 atque
743 795 907 826 essem
926 782 977 825 in
998 781 1180 826 itinere
1201 781 1485 842 praemissis
1505 782 1606 825 iam
1627 779 1924 843 legionibus,

435 859 713 920 praeterire
740 863 915 903 tamen
942 872 1041 902 non
1068 858 1228 919 potui,
1255 858 1376 919 quin
1403 862 1457 902 et
1482 856 1754 902 scriberem
1780 854 1846 902 ad
1870 861 1924 902 te

435 941 488 980 et
511 933 651 980 illum
672 936 932 980 mitterem
955 935 1247 996 gratiasque
1271 948 1495 996 agerem,
1519 934 1613 979 etsi
1636 931 1730 979 hoc
1753 938 1807 979 et
1829 930 1924 979 feci

433 1026 586 1073 saepe
624 1017 678 1056 et
714 1012 914 1073 saepius
950 1008 1070 1055 mihi
1108 1008 1333 1056 facturus
1369 1008 1555 1056 videor.
1627 1008 1709 1056 Ita
1743 1008 1807 1056 de
1842 1024 1924 1055 me

432 1089 656 1134 mereris.
728 1085 787 1132 In
820 1089 992 1150 primis
1026 1103 1055 1132 a
1087 1093 1140 1132 te
1173 1093 1313 1149 peto,
1346 1088 1584 1149 quoniam
1616 1084 1812 1133 confido
1844 1088 1932 1132 me¹

431 1163 667 1211 celeriter
701 1163 765 1210 ad
799 1164 977 1210 urbem
1013 1170 1299 1219 venturum,
1334 1169 1391 1210 ut
1425 1169 1479 1210 te
1513 1163 1581 1210 ibi
1617 1161 1835 1219 videam,
1868 1169 1927 1209 ut

431 1247 522 1288 tuo
544 1239 766 1297 consilio,
790 1243 973 1304 gratia,
997 1240 1267 1304 dignitate,
1292 1256 1387 1304 ope
1412 1242 1636 1286 omnium
1658 1255 1825 1286 rerum
1849 1242 1924 1286 uti

431 1320 632 1381 possim.
701 1317 784 1364 Ad
807 1319 1121 1380 propositum
1145 1323 1398 1371 revertar3
1441 1316 1754 1363 festinationi
1781 1331 1927 1363 meae

430 1394 773 1456 brevitatique
796 1393 1081 1441 litterarum
1104 1397 1347 1458 ignosces.
1418 1392 1632 1457 Reliqua
1655 1409 1718 1440 ex
1745 1392 1927 1440 Furnio

431 1486 719 1535 cognosceS.

1131 1709 1229 1756 VII

922 1833 1096 1862 CICERO
1132 1832 1305 1862 ATTICO
1340 1832 1437 1864 SAL.

500 1922 806 1987 Scripseram
832 1923 896 1970 ad
918 1930 972 1970 te
998 1923 1283 1987 epistulam,
1308 1940 1460 1987 quam
1485 1923 1656 1970 darem
1683 1938 1762 1969 1111
1790 1922 1922 1970 Idus.

437 1999 536 2047 Sed
567 2017 627 2047 eo
656 2001 737 2047 die
767 2003 825 2056 is,
853 2003 931 2046 cui
962 1999 1082 2047 dare
1113 2000 1386 2056 volueram,
1416 2016 1515 2046 non
1545 2007 1623 2047 est
1651 1999 1924 2064 profectus.

439 2076 591 2123 Venit
608 2084 781 2124 autem
799 2093 859 2123 eo
875 2079 983 2139 ipso
1000 2076 1082 2123 die
1100 2076 1182 2122 ille
1200 2075 1226 2091 ‘⁴
1252 2075 1548 2139 celeripes,''
1566 2092 1718 2139 quem
1736 2074 1927 2123 Salvius

437 2153 651 2200 dixerat.
722 2153 913 2200 Attulit
939 2154 1217 2200 uberrimas
1242 2159 1356 2199 tuas
1382 2153 1608 2208 litteras3
1651 2169 1781 2216 quae
1806 2151 1926 2199 mihi

437 2229 678 2294 quiddam
698 2232 838 2293 quasi
860 2228 1111 2276 animulae
1131 2229 1437 2276 instillarunt
1454 2244 1465 2284 ;
1488 2236 1774 2276 recreatum
1794 2232 1927 2276 enim

436 2323 518 2353 me
543 2322 643 2353 non
667 2322 798 2369 queo
822 2305 1004 2352 dicere.
1074 2304 1175 2352 Sed
1198 2304 1346 2369 plane
1378 2308 1431 2354 τὸ
1467 2307 1663 2371 συνέχον
1700 2303 1923 2352 effecisti.

437 2383 547 2447 Ego
578 2385 712 2429 enim
742 2399 842 2429 non
871 2385 972 2428 iam
1002 2382 1053 2429 id
1083 2398 1196 2446 ago,
1225 2381 1346 2428 mihi
1376 2381 1544 2438 crede,
1575 2389 1633 2429 ut
1662 2398 1924 2446 prosperos

438 2462 604 2506 exitus
644 2475 936 2522 consequar.
1006 2457 1085 2505 Sic
1123 2461 1255 2505 enim
1294 2458 1457 2514 video,
1493 2474 1586 2504 nec
1622 2457 1816 2505 duobus
1852 2456 1926 2505 his

438 2538 557 2582 vivis
589 2551 682 2582 nec
713 2533 807 2582 hoc
839 2551 939 2582 uno
971 2551 1059 2582 nos
1092 2551 1332 2599 umquam
1365 2551 1471 2582 rem
1502 2534 1755 2598 publicam
1787 2533 1924 2581 habi—

439 2651 532 2680 200
