1988 3008
47 2054 145 2102 Scr.
179 2054 226 2102 in
262 2055 351 2104 Cu—

47 2139 182 2169 mano
207 2122 332 2170 Non.

49 2188 172 2235 Mai.
197 2206 240 2236 a.
266 2191 361 2240 705

678 186 961 234 MARCUS
1005 186 1308 235 TULLIUS
1353 187 1604 235 CICERO

460 316 540 363 De
566 315 736 363 Caelio
759 332 911 379 saepe
934 332 1135 363 mecum
1158 319 1297 380 agito
1319 332 1431 373 nec,
1455 319 1495 363 si
1519 316 1640 379 quid
1661 315 1885 364 habuero

394 393 801 449 tale,dimittam.
871 392 1140 456 Hispanias
1155 409 1302 456 spero
1317 393 1484 440 firmas
1511 410 1634 440 esse.
1706 393 1886 440 Massi-

396 469 628 516 liensium
661 468 855 516 factum
888 486 1003 516 cum
1035 472 1201 532 ipsum
1233 486 1324 533 per
1358 486 1410 517 se
1443 470 1756 517 luculentum
1791 477 1885 526 est,

396 553 507 593 tum
548 546 670 592 mihi
714 553 1015 610 argumento
1058 553 1137 593 est
1177 554 1318 593 recte
1362 563 1471 594 esse
1514 550 1566 593 in
1607 547 1884 611 Hispaniis.

399 623 571 670 Minus
595 626 728 670 enim
749 623 1015 680 auderent,
1037 626 1078 670 si
1100 623 1246 670 aliter
1269 631 1421 680 esset,
1444 631 1497 671 et
1519 627 1733 679 scirent3
1771 640 1888 671 nam

398 708 452 747 et
495 703 642 747 vicini
686 707 740 747 et
783 700 1053 764 diligentes
1097 708 1230 747 sunt.
1300 701 1488 748 Odium
1532 709 1706 749 autem
1747 708 1888 748 recte

398 777 756 824 animadvertis
771 777 1109 841 significatum
1122 780 1173 824 in
1188 777 1407 825 theatro.
1466 778 1717 842 Legiones
1732 781 1889 825 etiam

397 854 505 910 has,
529 871 653 918 quas
676 857 728 900 in
754 854 902 901 Italia
925 858 1211 918 assumpsit,
1236 855 1563 902 alienissimas
1588 872 1697 902 esse
1723 855 1885 902 video.

398 931 499 979 Sed
517 939 693 978 tamen
712 930 834 978 nihil
851 934 1099 978 inimicius
1120 949 1272 995 quam
1292 934 1385 979 sibi
1403 935 1526 996 ipse.
1598 932 1729 979 Illud
1746 940 1888 980 recte

397 1013 566 1065 times,
582 1025 646 1055 ne
662 1016 792 1055 ruat.
862 1008 913 1055 Si
930 1009 1228 1072 desperarit,
1245 1016 1384 1056 certe
1400 1016 1531 1056 ruet.
1601 1010 1714 1068 Quo
1730 1013 1890 1074 magis

399 1086 717 1133 efficiendum
741 1086 930 1149 aliquid
954 1094 1049 1143 est,
1074 1085 1279 1133 fortuna
1301 1087 1452 1133 velim
1475 1086 1700 1144 meliore,
1724 1090 1890 1135 animo
1943 1113 1945 1115 ·

399 1164 651 1211 Caeliano.
721 1163 822 1210 Sed
855 1167 1073 1227 primum
1108 1164 1348 1227 quidque.
1418 1164 1570 1222 Quod
1602 1164 1890 1228 qualecum-

400 1258 499 1305 que
528 1238 642 1297 erit,
669 1244 908 1288 continuo
935 1244 1076 1288 scies.
1147 1241 1249 1288 Nos
1283 1244 1469 1298 iuveni,
1496 1249 1554 1288 ut
1580 1258 1747 1305 rogas,
1775 1258 1890 1305 sup-

399 1319 741 1382 peditabimus
780 1326 834 1365 et
872 1317 1275 1381 Peloponnesum
1312 1321 1473 1381 ipsam
1511 1319 1888 1366 sustinebimus.

399 1397 493 1443 Est
527 1399 661 1443 enim
694 1395 904 1451 indoles,
937 1396 1087 1442 modo
1129 1395 1331 1459 aliquod
1363 1395 1458 1442 hoc
1491 1398 1557 1442 sit
1594 1397 1707 1457 ἦθος
1741 1396 1890 1442 ΑΚΙ-
1956 1439 1961 1449 ,Α

402 1472 698 1520 ΜΟΑΟΝ.1
765 1472 915 1531 Quod
948 1475 986 1519 si
1021 1472 1184 1519 adhuc
1217 1472 1410 1519 nullum
1444 1479 1539 1528 est,
1573 1489 1682 1520 esse
1716 1479 1891 1520 tamen

399 1558 589 1615 potest,
651 1556 740 1596 aut
802 1552 940 1612 ἀρετὴ
1005 1566 1106 1596 non
1170 1557 1248 1596 est
1310 1550 1537 1607 διδακτόν,
1587 1549 1722 1614 quod
1769 1549 1890 1596 mihi

400 1627 693 1692 persuaderi
716 1643 816 1674 non
839 1633 1026 1690 potest.

1085 1858 1216 1905 XIII

889 1972 1063 2003 CICERO
1097 1972 1271 2002 ATTICO
1306 1971 1404 2002 SAL.

468 2054 701 2118 Epistula
715 2061 807 2101 tua
823 2057 1110 2118 gratissima
1126 2053 1223 2100 fuit
1238 2070 1384 2100 meae
1401 2052 1593 2101 Tulliae
1613 2060 1666 2100 et
1682 2070 1764 2101 me
1780 2052 1892 2101 her·-

403 2132 514 2178 cule
540 2131 676 2177 mihi.
747 2130 957 2194 Semper
982 2130 1238 2194 speculam
1264 2131 1483 2193 aliquam
1509 2129 1746 2177 adferunt
1770 2137 1892 2177 tuae

403 2209 621 2255 litterae.
692 2207 888 2254 Scribes
910 2210 1083 2272 igitur,
1107 2224 1181 2263 ac,
1205 2210 1243 2253 si
1268 2207 1390 2270 quid
1422 2207 1486 2253 ad
1522 2223 1664 2270 spem
1686 2210 1892 2271 poteris,

403 2302 467 2332 ne
506 2286 767 2332 dimiseris.
836 2285 912 2331 Tu
950 2285 1141 2331 Antoni
1180 2284 1351 2331 leones
1388 2287 1716 2347 pertimescas
1753 2299 1890 2330 cave.

404 2362 539 2409 Nihil
558 2369 636 2409 est
653 2361 736 2408 illo
753 2361 957 2408 homine
975 2361 1253 2408 iucundius.
1323 2361 1553 2407 Attende
1570 2362 1736 2424 πρᾶξιν
1759 2364 1894 2409 πολι-

459 2469 476 2493 1
506 2468 593 2509 The
626 2473 707 2508 text
742 2467 832 2508 here
868 2468 907 2507 is
942 2473 1107 2518 corrupt
1142 2466 1226 2507 and
1263 2479 1317 2507 no
1352 2466 1596 2519 convincinq
1631 2465 1891 2507 emendation

401 2521 477 2562 has
495 2522 592 2562 been
609 2521 833 2573 suqqested.

401 2613 489 2666 33²⁴
