2014 3008
763 190 1047 238 MARCUS
1092 192 1395 240 TULLIUS
1413 194 1415 197 ’
1442 193 1694 241 CICERO

480 318 615 365 nullo
644 321 798 383 ipsius
828 318 1016 366 delicto
1045 336 1242 367 summa
1270 320 1419 384 culpa
1446 337 1577 368 mea.
1644 321 1828 385 Itaque
1859 339 1889 370 a
1917 330 1974 370 te

479 414 647 461 neque
680 398 1075 445 consolationem
1106 402 1225 455 iam,
1259 416 1359 463 qua
1393 417 1578 464 cupere
1611 407 1666 448 te
1700 404 1777 448 uti
1809 402 1975 458 video,

480 494 574 525 nec
612 478 889 534 consilium,
930 479 1065 541 quod
1103 482 1215 542 capi
1254 479 1444 526 nullam
1482 486 1671 543 potest,
1713 488 1974 544 exspecto,

479 564 636 620 teque
680 561 848 604 omnia
891 574 1007 604 cum
1050 560 1388 622 superioribus
1433 575 1586 623 saepe
1630 559 1816 608 litteris
1860 567 1974 607 tum

478 639 718 700 proximis
741 644 1021 701 temptasse
1045 638 1303 703 intellego.

1069 880 1164 945 Ep.
1199 881 1382 928 XVIIa

967 993 1142 1025 CICERO
1175 994 1350 1025 A'r'rlco
1385 993 1484 1026 SAL.

125 1069 225 1118 Sor.
544 1074 655 1138 Ego
677 1091 792 1121 cum
813 1073 1049 1122 Sallustio
1071 1075 1366 1122 Ciceronem
1389 1075 1453 1122 ad
1475 1075 1743 1122 Caesarem
1764 1078 1972 1123 mittere

124 1136 355 1252 {255²}
481 1156 797 1219 cogitabam3
834 1154 1050 1201 Tulliam
1070 1162 1244 1202 autem
1263 1172 1365 1201 non
1385 1155 1620 1202 videbam
1640 1171 1749 1202 esse
1769 1172 1973 1202 causam

481 1252 568 1282 cur
589 1235 778 1282 diutius
798 1251 1000 1282 mecum
1020 1242 1167 1282 tanto
1188 1237 1241 1280 in
1262 1237 1514 1281 communi
1537 1251 1766 1281 maerore
1787 1238 1975 1281 retine-

480 1332 603 1362 rem.
673 1315 856 1378 Itaque
896 1317 1048 1361 matri
1090 1331 1220 1371 eam,
1261 1331 1377 1361 cum
1416 1317 1637 1378 primum
1677 1330 1770 1378 per
1810 1318 1974 1378 ipsam

478 1395 671 1451 liceret,
702 1411 842 1441 eram
870 1397 1179 1441 remissurus.
1249 1393 1345 1441 Pro
1377 1411 1454 1451 ea,
1485 1411 1639 1458 quam
1669 1394 1735 1441 ad
1762 1394 1971 1441 modum

478 1474 780 1522 consolantis
814 1477 1071 1538 scripsisti,
1105 1481 1288 1537 putato
1323 1490 1384 1521 ea
1417 1490 1500 1521 me
1534 1476 1806 1537 scripsisse,
1840 1490 1972 1538 quae

478 1562 538 1601 tu
560 1558 667 1618 ipse
690 1554 943 1618 intellegis
966 1554 1260 1618 responderi
1282 1557 1522 1617 potuisse.

542 1635 693 1693 Quod
713 1634 936 1698 Oppium
956 1641 1127 1681 tecum
1147 1635 1319 1681 scribis
1339 1633 1582 1690 locutum,
1603 1650 1705 1681 non
1726 1632 1964 1681 abhorret

480 1732 510 1761 a
535 1731 651 1761 mea
677 1717 957 1778 suspicione
986 1717 1092 1760 eius
1119 1716 1294 1760 oratio.
1363 1713 1465 1761 Sed
1491 1730 1592 1760 non
1619 1713 1815 1769 dubito,
1844 1717 1967 1777 quin

478 1798 586 1841 istis
617 1794 909 1858 persuaderi
941 1793 1077 1840 nullo
1109 1793 1260 1840 modo
1292 1796 1450 1856 possit
1483 1810 1562 1850 ea,
1595 1809 1727 1856 quae
1759 1792 1968 1850 faciant,

478 1874 599 1921 mihi
619 1875 820 1938 probari
839 1890 1002 1937 posse,
1024 1890 1225 1937 quoquo
1245 1873 1394 1920 modo
1413 1873 1604 1936 loquar.
1659 1873 1769 1937 Ego
1789 1880 1965 1920 tamen

479 1962 594 2001 utar
613 1954 977 2010 moderatione,
999 1971 1098 2017 qua
1118 1961 1324 2016 poter03
1364 1970 1689 2016 quamquam,
1711 1952 1834 2016 quid
1853 1969 1968 2000 mea

480 2037 696 2090 intersit,
718 2041 776 2081 ut
799 2050 972 2081 eorum
995 2033 1165 2080 odium
1188 2034 1415 2089 subeam,
1438 2049 1540 2079 non
1560 2032 1818 2096 intellego.

542 2114 614 2160 Te
650 2117 783 2160 iusta
808 2130 960 2160 causa
984 2113 1234 2176 impediri,
1262 2130 1361 2176 quo
1387 2116 1551 2159 minus
1579 2112 1644 2159 ad
1669 2128 1760 2159 nos
1787 2115 1974 2169 venias,

479 2194 643 2250 video,
661 2193 814 2256 idque
833 2193 955 2239 mihi
974 2193 1119 2240 valde
1139 2193 1409 2239 molestum
1428 2200 1520 2239 est.
1597 2191 1745 2239 Illum
1764 2194 1829 2239 ab
1853 2191 1973 2239 Ale-

480 2274 704 2320 xandrea
721 2274 1003 2320 discessisse
1027 2289 1178 2319 nemo
1202 2274 1422 2328 nuntiat,
1440 2278 1741 2335 constatque
1768 2288 1833 2319 ne
1857 2289 1972 2335 pro-

480 2353 673 2400 fectum
689 2353 893 2416 quidem
908 2353 1031 2399 illim
1048 2369 1355 2415 quemquam
1369 2359 1484 2415 post
1511 2351 1629 2398 Idus
1649 2350 1862 2398 Martias
1880 2367 1974 2398 nec

483 2441 599 2497 post
637 2433 755 2479 Idus
786 2433 1056 2479 Decembr.
1088 2433 1151 2478 ab
1179 2432 1262 2478 illo
1290 2432 1436 2478 datas
1465 2431 1589 2478 ullas
1617 2431 1827 2478 litteras.
1897 2431 1974 2478 Ex

480 2530 580 2575 quo
599 2513 850 2576 intellegis
870 2512 992 2559 illud
1011 2512 1075 2559 de
1100 2512 1281 2559 litteris
1307 2529 1351 2558 a.
1374 2511 1421 2558 d.
1443 2527 1473 2558 v
1500 2511 1619 2558 Idus
1646 2511 1791 2558 Febr.
1817 2510 1964 2567 datis,

477 2602 568 2657 406

126 1270 284 1325 Quint.
302 1288 346 1318 a.
363 1273 458 1322 707
