2014 3008
766 222 1051 271 MARCUS
1098 219 1400 269 TULLIUS
1446 218 1697 267 CICERO

485 362 544 402 ut
570 354 634 402 de
662 353 758 400 hac
783 355 969 399 misera
993 354 1206 415 cogites,
1234 357 1288 397 et
1313 348 1454 405 illud,
1481 348 1545 395 de
1572 364 1671 410 quo
1698 346 1763 394 ad
1787 353 1841 394 te
1867 363 1978 410 pro-

486 445 621 489 xime
640 443 829 503 scripsi,
848 446 905 485 ut
925 437 1113 501 aliquid
1132 436 1424 489 conficiatur
1448 435 1512 481 ad
1536 436 1755 497 inopiam
1779 432 1977 499 propul-

483 529 710 584 sandam,
736 534 789 574 et
814 529 973 573 etiam
999 525 1062 572 de
1089 528 1196 588 ipso
1221 529 1548 570 testamento.
1623 520 1754 568 Illud
1778 535 1978 584 quoque

484 615 665 662 vellem
694 621 863 669 antea,
895 612 989 659 sed
1017 614 1185 658 omnia
1212 612 1489 656 timuimus.
1560 607 1747 655 Melius
1775 606 1980 670 quidem

484 705 536 747 in
561 703 786 765 pessimis
811 699 934 745 nihil
959 698 1059 745 fuit
1083 697 1306 744 discidio.
1347 738 1350 740 .
1378 694 1586 758 Aliquid
1608 693 1900 741 fecissemus
1923 699 1981 738 ut

484 792 574 835 viri
599 787 677 834 vel
700 786 996 834 tabularum
1022 801 1265 831 novarum
1289 785 1491 830 nomine
1515 781 1595 828 vel
1618 787 1980 828 nocturnarum

487 877 923 938 expugnationum
957 871 1036 919 vel
1074 870 1323 918 Metellae
1351 869 1431 916 vel
1458 871 1682 915 omnium
1708 866 1983 921 malorum;

486 979 581 1009 nec
613 978 692 1008 res
725 963 958 1024 perisset,
992 965 1045 1006 et
1078 958 1366 1005 videremur
1399 955 1588 1019 aliquid
1620 953 1801 1001 doloris
1833 952 1983 1000 virilis

486 1048 736 1095 habuisse.
812 1046 1025 1093 Memini
1051 1048 1255 1092 omnino
1279 1051 1395 1090 tuas
1419 1042 1637 1098 litteras,
1662 1040 1751 1088 sed
1778 1046 1832 1086 et
1854 1046 1983 1086 tem·

490 1153 583 1200 pus
607 1134 757 1189 illud3
801 1136 895 1180 etsi
921 1132 1116 1196 quidvis
1139 1133 1414 1195 praestitit.
1481 1128 1627 1175 Nunc
1650 1127 1855 1191 quidem
1876 1129 1984 1190 ipse

488 1222 688 1268 videtur
715 1221 1046 1274 denuntiare3
1092 1218 1323 1265 audimus
1353 1219 1488 1264 enim
1515 1215 1580 1262 de
1617 1221 1790 1262 statua
1823 1212 1980 1260 Clodi.

490 1309 814 1356 Generumne
842 1313 1071 1353 nostrum
1098 1307 1416 1368 potissimum
1443 1302 1523 1349 vel
1551 1301 1646 1349 hoc
1674 1299 1755 1348 vel
1784 1298 1984 1347 tabulas

489 1396 669 1443 novas!
738 1392 912 1440 Placet
940 1391 1061 1439 mihi
1091 1394 1247 1456 igitur
1277 1398 1330 1438 et
1358 1393 1484 1437 item
1514 1390 1609 1436 tibi
1640 1389 1878 1435 nuntium
1906 1402 1982 1433 re-

489 1485 642 1529 mitti.
701 1479 854 1528 Petet
873 1479 1086 1527 fortasse
1107 1481 1316 1525 tertiam
1334 1479 1644 1540 pensionem.
1706 1473 1984 1521 Considera

492 1572 665 1632 igitur,
689 1575 885 1623 tumne,
909 1583 1024 1613 cum
1049 1567 1113 1613 ab
1137 1568 1246 1629 ipso
1271 1571 1523 1620 nascetur,
1549 1579 1613 1609 an
1637 1564 1788 1625 prius.
1858 1560 1985 1624 Ego,

491 1659 530 1703 si
570 1655 669 1702 ullo
706 1654 855 1701 modo
893 1650 1140 1717 potuero,v
1164 1651 1243 1699 vel
1284 1652 1540 1698 nocturnis
1578 1648 1850 1696 itineribus
1890 1663 1981 1694 ex·

493 1745 675 1807 periar‚
709 1748 767 1788 ut
801 1747 854 1787 te
889 1740 1102 1787 videam.
1170 1739 1245 1785 Tu
1282 1745 1335 1785 et
1370 1737 1514 1793 haec,
1550 1743 1604 1783 et
1638 1738 1679 1782 si
1715 1734 1838 1798 quid
1871 1735 1986 1790 erit,

496 1829 632 1893 quod
654 1831 855 1875 intersit
879 1843 994 1874 mea
1018 1830 1162 1884 scire,
1187 1826 1374 1873 scribas
1399 1823 1564 1871 velim.
1632 1821 1772 1870 Vale.

502 2651 593 2694 420
