1988 3008
684 267 966 315 MARCUS
1010 266 1309 315 TULLIUS
1355 266 1605 314 CICERO

406 417 519 448 cum
547 398 668 462 fuga
694 414 757 444 ex
786 396 934 443 Italia
961 399 1134 459 quaeri
1161 396 1440 443 videbatur.
1511 396 1612 443 Nos
1640 398 1773 443 enim
1801 396 1889 442 Hi-

405 483 631 542 spaniam
657 485 976 541 peteremus3
1019 476 1113 523 illis
1138 475 1232 523 hoc
1258 493 1420 540 aeque
1445 476 1763 523 commodum
1789 493 1889 522 non

405 566 529 606 erat.
598 558 673 605 Tu
708 561 815 621 ipse
851 574 965 604 cum
1001 556 1156 604 Sexto
1193 559 1350 603 etiam
1384 573 1516 603 nunc
1551 555 1671 602 mihi
1709 556 1890 603 videris

404 639 594 686 Romae
618 645 758 685 recte
783 654 892 684 esse
915 651 1090 701 posse;
1132 640 1323 684 etenim
1345 639 1550 683 minime
1576 639 1723 683 amici
1748 634 1892 683 Pom-

405 722 519 783 peio
545 726 716 765 nostro
744 735 851 764 esse
880 718 1093 765 debetis.
1164 717 1325 764 Nemo
1352 720 1486 764 enim
1513 733 1751 781 umquam
1779 724 1891 763 tan-

405 807 514 846 tum
538 799 600 846 de
623 799 825 845 urbanis
847 798 1064 862 praediis
1086 797 1324 844 detraxit.
1394 797 1611 844 Videsne
1633 814 1715 844 me
1738 800 1893 844 etiam

404 879 589 926 iocari?

469 959 603 1006 Scire
625 962 725 1006 iam
746 966 800 1006 te
822 966 1041 1022 oportet,
1066 958 1121 1005 L.
1146 958 1330 1006 Caesar
1352 975 1481 1022 quae
1504 975 1741 1022 responsa
1762 958 1890 1006 refe-

406 1047 485 1087 rat
521 1057 551 1086 a
587 1038 843 1103 Pompeio,
880 1056 1003 1103 quas
1040 1040 1103 1086 ab
1140 1039 1319 1086 eodem
1355 1040 1419 1086 ad
1455 1039 1722 1086 Caesarem
1758 1038 1889 1086 ferat

405 1120 616 1167 litteras.
686 1119 913 1183 Scriptae
944 1123 1077 1166 enim
1107 1127 1160 1167 et
1187 1119 1339 1167 datae
1367 1122 1441 1166 ita
1468 1127 1602 1177 sunt,
1631 1126 1688 1167 ut
1714 1136 1892 1184 propo-

407 1207 647 1248 nerentur
683 1203 733 1247 in
770 1200 983 1263 publico.
1055 1200 1115 1247 In
1151 1217 1250 1264 quo
1287 1203 1514 1247 accusavi
1551 1217 1750 1248 mecum
1787 1203 1893 1264 ipse

408 1279 720 1345 Pompeium,
745 1283 847 1344 qui,
871 1298 985 1327 cum
1009 1284 1219 1344 scriptor
1243 1280 1525 1328 luculentus
1550 1287 1702 1337 esset,
1725 1287 1895 1328 tantas

407 1379 486 1408 res
503 1369 657 1425 atque
676 1378 778 1417 eas,
795 1378 926 1424 quae
942 1364 992 1407 in
1010 1364 1233 1408 omnium
1249 1378 1426 1408 manus
1443 1368 1686 1408 venturae
1703 1369 1890 1416 essent,

405 1441 569 1490 Sestio
605 1449 774 1488 nostro
809 1441 1096 1488 scribendas
1132 1441 1345 1488 dederit.
1416 1441 1599 1506 Itaque
1633 1441 1754 1488 nihil
1789 1459 1896 1489 um-

406 1540 559 1586 quam
584 1521 684 1586 legi
710 1525 951 1586 scriptum
984 1522 1398 1584 σηστιωδέστερον.
1470 1520 1690 1586 Perspici
1722 1529 1896 1570 tamen

407 1620 469 1650 ex
497 1603 677 1650 litteris
705 1601 911 1665 Pompei
938 1609 1108 1666 potest
1134 1601 1255 1649 nihil
1282 1602 1483 1650 Caesari
1508 1605 1681 1667 negari
1708 1606 1895 1650 omnia-

407 1700 506 1746 que
553 1685 597 1730 ei
645 1682 917 1740 cumulate,
964 1699 1094 1746 quae
1141 1682 1380 1746 postulet,
1427 1683 1549 1730 dari.
1619 1682 1764 1742 Quae
1810 1683 1894 1731 ille

406 1765 776 1810 amentissimus
816 1762 969 1810 fuerit
1006 1765 1097 1810 nisi
1136 1766 1407 1826 acceperit,
1445 1766 1744 1827 praesertim
1780 1781 1894 1811 cum

407 1843 842 1907 impudentissime
875 1843 1221 1907 postulaverit.
1291 1843 1414 1902 Quis
1448 1846 1583 1891 enim
1614 1851 1672 1891 tu
1706 1861 1776 1900 es,
1809 1847 1890 1908 qui

407 1924 572 1971 dicas:
619 1922 646 1939 “
671 1922 721 1970 Si
749 1927 800 1970 in
829 1924 1125 1988 Hispaniam
1154 1923 1409 1988 profectus
1438 1927 1551 1980 erit,
1579 1927 1619 1971 si
1646 1924 1896 1988 praesidia

407 2004 654 2052 dimiserit
678 2002 741 2051 ”?
807 2004 1000 2051 Tamen
1023 2004 1315 2051 conceditur
1339 2007 1502 2051 minus
1525 2003 1738 2052 honeste
1762 2021 1895 2052 nunc

407 2085 614 2148 quidem
640 2084 825 2131 violata
850 2088 950 2131 iam
977 2086 1041 2131 ab
1067 2084 1149 2131 illo
1175 2101 1229 2132 re
1256 2084 1456 2148 publica
1481 2084 1721 2148 illatoque
1746 2084 1895 2141 bello,

407 2182 560 2228 quam
594 2167 633 2212 si
669 2165 786 2212 olim
822 2165 885 2212 de
921 2168 1116 2212 ratione
1151 2164 1385 2212 habenda
1419 2168 1755 2228 impetrasset.
1826 2165 1895 2212 Et

406 2252 582 2292 tamen
609 2262 799 2301 vereor,
828 2252 886 2292 ut
911 2244 986 2292 his
1014 2248 1130 2309 ipsis
1158 2252 1428 2292 contentus
1456 2248 1534 2292 sit.
1604 2244 1752 2302 Nam,
1779 2262 1894 2293 cum

409 2328 507 2372 ista
534 2325 777 2372 mandata
806 2325 1030 2372 dedisset
1061 2325 1118 2373 L.
1151 2325 1370 2382 Caesari,
1399 2325 1577 2372 debuit
1607 2341 1714 2372 esse
1745 2325 1895 2389 paulo

409 2408 642 2468 quietior,
680 2405 800 2452 dum
840 2422 1075 2469 responsa
1112 2404 1449 2460 referrentur;
1502 2405 1685 2452 dicitur
1723 2413 1895 2452 autem

410 2502 541 2531 nunc
570 2501 678 2532 esse
708 2489 992 2532 acerrimus.

471 2564 738 2612 Trebatius
764 2565 968 2629 quidem
993 2566 1166 2613 scribit
1190 2582 1244 2613 se
1270 2567 1334 2612 ab
1358 2565 1440 2612 illo
1466 2581 1577 2611 vnn
1608 2565 1718 2612 Kal.
1747 2565 1891 2613 Febr.

414 2687 471 2733 74
