1988 3008
679 204 960 251 MARCUS
1005 202 1305 251 TULLIUS
1352 203 1602 250 CICERO

402 333 549 397 plane
589 332 772 388 haesit,
815 338 869 378 et
910 347 1042 378 nunc
1083 333 1156 377 ita
1197 330 1359 386 video,
1400 330 1654 376 infinitum
1695 329 1884 376 bellum

398 405 625 446 iunctum
657 402 942 445 miserrima
975 397 1114 460 fuga,
1148 413 1299 460 quam
1331 404 1389 443 tu
1423 399 1887 459 peregrinationem

400 468 662 530 ὑποκορίζῃ.
744 463 980 527 Sequitur
1046 465 1260 528 χρησμὸς
1317 481 1368 511 VI
1438 463 1499 509 K.
1562 463 1886 509 Februarias:

403 533 430 549 ‘⁴
455 533 582 595 Ego,
600 536 640 578 si
665 531 931 593 Pompeius
957 537 1131 576 manet
1156 534 1206 575 in
1233 529 1398 585 Italia,
1417 546 1510 575 nec
1533 545 1613 575 res
1639 529 1705 575 ad
1727 531 1885 591 pacti·-

403 615 551 645 onem
575 601 731 653 venit,
747 597 940 659 longius
966 596 1155 642 bellum
1172 603 1297 658 puto
1316 595 1454 650 fore3
1486 598 1563 641 sin
1583 595 1786 642 Italiam
1809 611 1885 642 re-

401 665 599 727 linquit,
618 663 683 710 ad
700 671 962 726 posterum
981 662 1168 709 bellum
1193 664 1428 711 ἄσπονδον
1446 665 1574 708 strui
1595 659 1884 708 existimo.''

399 731 560 776 Huius
590 733 745 793 igitur
772 729 892 776 belli
922 745 1016 792 ego
1045 732 1298 791 particeps
1331 736 1384 775 et
1413 731 1573 775 socius
1604 735 1659 775 et
1688 727 1886 774 adiutor

402 813 511 843 esse
547 813 715 860 cogor,
752 795 887 858 quod
924 803 977 841 et
1013 797 1248 844 ἄσπονδον
1285 802 1364 841 est
1407 801 1461 840 et
1507 810 1623 841 cum
1658 793 1882 840 civibus?

401 862 602 909 Deinde
638 878 710 908 vn
751 862 868 908 Idus
908 861 1076 918 Febr„
1113 878 1228 907 cum
1264 864 1365 907 iam
1402 860 1547 923 plura
1584 859 1783 906 audires
1822 860 1885 906 de

400 929 608 991 Pompei
645 928 867 985 consilio,
893 927 1145 974 concludis
1185 927 1457 990 epistulam
1495 926 1750 990 quandam
1786 925 1882 973 1100

398 995 575 1042 modo:
625 994 653 1011 ‘⁴
676 995 787 1057 Ego
819 994 1026 1057 quidem
1055 994 1150 1041 tibi
1182 1010 1284 1040 non
1314 997 1410 1040 sim
1441 999 1637 1049 auctor,
1667 996 1708 1039 si
1741 992 1886 1039 Pom-

397 1065 539 1123 peius
568 1061 769 1107 Italiam
793 1061 1052 1122 relinquit,
1076 1067 1131 1107 te
1159 1077 1360 1123 quoque
1384 1059 1675 1122 profugere.
1743 1058 1884 1105 Sum-

396 1145 478 1174 mo
514 1131 649 1174 enim
683 1127 906 1189 periculo
942 1126 1094 1173 facies
1130 1143 1224 1173 nec
1257 1130 1330 1172 rei
1365 1125 1597 1188 publicae
1631 1125 1888 1188 proderis3

394 1197 473 1239 cui
504 1194 708 1256 quidem
736 1196 987 1255 posterius
1017 1197 1207 1255 poteris
1237 1192 1494 1255 prodesse,
1522 1195 1562 1238 si
1592 1190 1888 1238 manseris.''

398 1260 565 1318 Quem
598 1260 878 1323 φιλόπατριν
917 1276 974 1305 ac
1015 1261 1255 1308 πολιτικὸν
1291 1258 1502 1305 hominis
1535 1258 1798 1321 prudentis
1832 1265 1886 1305 et

397 1330 542 1373 amici
568 1326 658 1372 tali
685 1326 946 1372 admonitu
972 1342 1071 1372 non
1098 1333 1328 1372 moveret
1355 1324 1663 1372 auctoritas?
1732 1325 1886 1371 Dein-

396 1409 512 1455 ceps
540 1408 598 1438 111
627 1392 744 1438 Idus
773 1393 920 1438 Febr.
948 1395 1136 1438 iterum
1162 1391 1283 1438 mihi
1307 1391 1581 1454 respondes
1606 1391 1884 1438 consulenti

395 1462 492 1505 sic:
540 1457 567 1474 “
592 1458 740 1516 Quod
777 1461 976 1521 quaeris
1013 1475 1043 1504 a
1077 1475 1178 1514 me,
1207 1457 1447 1521 fugamne
1468 1457 1486 1487 1
1515 1456 1788 1504 defendam
1821 1473 1883 1503 an

395 1541 587 1571 moram
611 1525 864 1571 utiliorem
887 1532 1082 1587 putem,
1108 1542 1202 1588 ego
1226 1541 1345 1571 vero
1369 1528 1419 1570 in
1442 1527 1731 1586 praesentia
1753 1524 1885 1570 subi-

395 1599 507 1637 tum
529 1591 803 1637 discessum
827 1599 881 1637 et
903 1594 1239 1653 praecipitem
1261 1590 1635 1653 profectionem
1657 1607 1771 1636 cum
1792 1590 1885 1637 tibi

395 1665 504 1703 tum
521 1660 615 1719 ipsi
633 1657 807 1704 Gnaeo
825 1657 1058 1704 inutilem
1076 1665 1129 1704 et
1146 1658 1481 1719 periculosam
1497 1663 1641 1719 puto,
1659 1663 1713 1704 et
1729 1659 1884 1703 satius

397 1740 507 1770 esse
531 1726 765 1770 existimo
789 1740 873 1770 vos
899 1723 1193 1786 dispertitos
1219 1730 1273 1770 et
1297 1727 1349 1769 in
1375 1723 1590 1785 speculis
1616 1737 1754 1778 esse;
1793 1722 1884 1769 sed

396 1789 590 1836 medius
612 1789 754 1836 fidius
773 1797 924 1852 turpe
945 1791 1085 1836 nobis
1106 1797 1230 1852 puto
1251 1806 1361 1836 esse
1382 1790 1446 1836 de
1465 1789 1586 1853 fuga
1606 1787 1884 1852 cogitare.''

395 1856 503 1902 Hoc
523 1863 672 1918 turpe
695 1856 898 1902 Gnaeus
920 1863 1091 1903 noster
1109 1857 1310 1903 biennio
1334 1863 1454 1902 ante
1478 1859 1733 1919 cogitavit.
1802 1855 1883 1902 Ita

394 1922 645 1968 sullaturit
664 1925 857 1968 animus
879 1926 983 1968 eius
1006 1930 1059 1969 et
1076 1926 1430 1984 proscripturit
1450 1925 1549 1968 iam
1567 1921 1668 1968 diu.
1741 1921 1883 1977 Inde,

395 1996 451 2034 ut
485 1991 676 2050 opinor,
701 2006 814 2034 cum
843 1996 901 2035 tu
938 1989 1003 2034 ad
1042 2005 1130 2041 me,
1162 1989 1412 2051 quaedam
1442 1991 1737 2052 γενικώτερον
1767 1991 1885 2034 Scri—

394 2057 593 2116 psisses,
614 2061 668 2100 et
689 2071 783 2117 ego
804 2053 924 2100 mihi
946 2071 975 2100 a
994 2061 1048 2101 te
1067 2055 1337 2118 significari
1357 2062 1635 2117 putassem,
1654 2061 1712 2101 ut
1734 2053 1882 2100 Italia

392 2120 645 2176 cederem,
663 2120 934 2167 detestaris
953 2120 1046 2167 hoc
1065 2121 1338 2184 diligenter
1355 2137 1404 2166 xl
1427 2121 1489 2167 K.
1512 2120 1671 2167 Mart.
1690 2136 1701 2166 ε
1720 2119 1747 2136 “
1771 2120 1881 2183 Ego

394 2203 512 2232 vero
526 2186 661 2232 nulla
677 2187 893 2249 epistula
907 2187 1199 2250 significavi,
1213 2190 1254 2233 si
1271 2187 1473 2234 Gnaeus
1491 2187 1639 2233 Italia
1652 2185 1881 2242 cederet,

395 2259 451 2298 ut
476 2259 533 2298 tu
559 2269 658 2298 una
684 2253 910 2308 cederes,
936 2260 1042 2308 aut,
1067 2257 1108 2299 si
1132 2253 1423 2316 significavi,
1449 2269 1547 2299 non
1573 2253 1686 2299 dico
1711 2252 1783 2298 fui
1799 2256 1880 2298 -in-

451 2337 466 2360 1
494 2337 919 2388 fugamne—putem,
934 2352 983 2378 as
997 2337 1089 2378 Otto
1105 2339 1157 2377 M
1159 2339 1262 2378 illler
1280 2352 1293 2377 .·
1328 2338 1379 2377 Μ
1394 2338 1512 2378 reads
1526 2338 1730 2390 fugamne
1745 2337 1879 2377 fidam

393 2391 510 2438 (corr.
542 2390 657 2441 from
693 2390 856 2441 fedam)
893 2404 950 2430 an
987 2403 1153 2430 moram
1190 2391 1420 2430 defendam
1457 2391 1674 2430 utiliorem
1713 2397 1878 2441 putem.

390 2442 511 2482 Other
536 2443 744 2493 suqqested
769 2444 1052 2485 emendations
1076 2458 1146 2484 are
1171 2444 1374 2496 fugamne
1399 2445 1603 2484 suadeam
1631 2457 1687 2483 an
1715 2457 1879 2483 moram

388 2496 618 2535 defendam
649 2497 948 2547 utilioremque
978 2503 1125 2547 putem
1156 2498 1329 2546 (Klotz),
1358 2497 1443 2536 and
1472 2497 1676 2548 fugamne
1705 2497 1878 2536 foeda-m

388 2562 441 2587 an
468 2562 631 2588 moram
654 2550 844 2589 desidem
869 2551 1081 2589 utiliorem
1105 2554 1254 2602 putem
1277 2551 1558 2601 (Manutius).

394 2620 482 2664 230
