1988 3008
55 1379 151 1427 Ser.
176 1379 223 1427 in

58 1447 261 1494 Cumano
291 1447 367 1495 IV

52 1513 125 1560 Id.
158 1513 281 1561 Mai.
312 1532 355 1562 α.

53 1582 83 1632 7
83 1581 146 1631 05

699 209 983 258 MARCUS
1027 210 1329 258 TULLIUS
1375 211 1625 259 CICERO

414 341 465 385 in
493 355 582 385 suo
607 338 794 385 lectulo
821 339 987 395 malle,
1016 340 1254 403 quicquid
1280 339 1463 387 foret.''
1532 340 1746 388 Odiosus
1773 359 1903 390 scru-
1939 401 1942 403 Δ

415 415 561 478 pulus
589 415 652 462 de
681 415 764 461 filii
792 415 973 463 militia
999 415 1311 464 Brundisina.
1384 417 1555 464 Unum
1582 417 1704 465 illud
1731 418 1901 466 firmis-

416 495 540 539 sime
568 492 918 549 adseverabat,
944 496 984 540 si
1011 493 1238 540 damnati
1264 497 1672 552 restituerentur,
1698 498 1750 541 in
1777 499 1902 542 exsi-

417 569 537 616 lium
569 586 622 616 se
653 573 856 617 iturum.
928 570 1029 617 Nos
1062 577 1236 618 autem
1268 571 1331 618 ad
1362 570 1488 619 haec
1520 570 1546 588 ‘⁴
1573 579 1627 619 et
1657 572 1708 619 id
1739 576 1902 636 ipsum

413 654 554 693 certo
589 645 714 703 fore,
747 655 817 703 et,
850 664 980 711 quae
1018 651 1116 694 iam
1155 647 1353 705 fierent,
1385 666 1485 696 non
1522 666 1631 697 esse
1663 648 1900 707 leviora,''

414 723 676 787 multaque
697 723 1070 789 colligebamus.
1140 724 1328 773 Verum
1350 743 1411 773 ea
1431 743 1532 773 non
1553 729 1775 774 animum
1796 731 1901 775 eius

414 802 689 865 augebant,
726 801 816 849 sed
850 804 1102 859 timorem,
1139 810 1197 849 ut
1231 806 1333 850 iam
1368 803 1606 854 celandus
1640 808 1801 868 magis
1836 805 1901 853 de

414 886 583 925 nostro
615 878 819 925 consilio
852 895 1005 942 quam
1039 879 1353 927 adhibendus
1387 880 1656 928 videretur.
1727 881 1897 940 Quare

412 959 461 1001 in
486 954 578 1002 hoc
600 972 699 1002 non
723 955 940 1003 multum
963 963 1055 1004 est.
1126 955 1227 1004 Nos
1251 973 1281 1004 a
1302 964 1356 1004 te
1380 957 1623 1006 admoniti
1646 958 1709 1006 de
1733 958 1901 1006 Caelio

411 1033 759 1096 cogitabimus.

1110 1182 1204 1228 XV

894 1295 1068 1326 CICERO
1105 1295 1275 1326 ATTICO
1311 1296 1408 1328 SAL.

473 1374 670 1424 Servius
697 1393 810 1423 cum
840 1385 974 1423 esset
1000 1377 1135 1440 apud
1161 1394 1260 1433 me,
1287 1377 1526 1441 Cephalio
1552 1395 1665 1425 cum
1694 1381 1794 1426 tuis
1818 1379 1898 1427 lit-

409 1456 529 1500 teris
551 1469 600 1499 vl
625 1453 744 1500 Idus
769 1456 935 1508 venit;
971 1470 1101 1516 quae
1125 1454 1266 1501 nobis
1289 1471 1527 1518 magnam
1549 1471 1691 1518 spem
1715 1455 1895 1503 attule-

408 1537 525 1577 runt
540 1529 803 1578 meliorum
819 1546 985 1577 rerum
1001 1530 1065 1577 de
1081 1537 1196 1578 octo
1210 1530 1512 1579 cohortibus.
1581 1532 1788 1579 Etenim
1806 1549 1896 1580 eae

408 1623 627 1671 quoque,
652 1623 783 1670 quae
807 1610 859 1653 in
883 1606 958 1654 his
983 1607 1101 1654 locis
1126 1614 1260 1663 sunt,
1287 1607 1455 1655 labare
1479 1608 1730 1656 dicuntur.
1802 1609 1894 1657 Eo-
1957 1641 1964 1648 -

406 1685 523 1732 dem
554 1685 636 1731 die
669 1684 1000 1731 Funisulanus
1032 1701 1062 1731 a
1092 1691 1145 1731 te
1178 1684 1352 1731 attulit
1384 1684 1597 1742 litteras,
1630 1688 1682 1732 in
1713 1687 1893 1749 quibus

405 1768 515 1808 erat
542 1761 883 1808 confirmatius
910 1761 1046 1808 idern
1074 1761 1211 1809 illud.
1280 1761 1340 1808 Ei
1369 1760 1433 1809 de
1463 1779 1551 1809 suo
1581 1766 1788 1827 negotio
1818 1780 1890 1811 re·

405 1838 581 1902 spondi
611 1838 865 1885 cumulate
897 1855 1011 1885 cum
1042 1842 1176 1885 omni
1207 1845 1298 1886 tua
1328 1841 1507 1903 gratia.
1578 1838 1759 1886 Adhuc
1794 1857 1892 1887 non

405 1919 525 1963 satis
547 1915 795 1971 faciebat3
818 1916 974 1963 debet
997 1923 1170 1963 autem
1192 1915 1312 1962 mihi
1335 1915 1519 1963 multos
1543 1933 1774 1963 nummos
1799 1933 1890 1964 nec

405 1991 621 2040 habetur
644 1992 876 2056 locuples.
947 1992 1092 2040 Nunc
1116 1995 1187 2039 ait
1211 2009 1264 2039 se
1289 1992 1555 2049 daturum3
1596 1996 1673 2040 cui
1701 2009 1891 2057 expen-
1949 2055 1950 2058 Ἰ

405 2086 514 2116 sum
540 2069 730 2125 tulerit,
755 2072 965 2125 morari3
1007 2069 1298 2126 tabellariis,
1323 2072 1363 2116 si
1389 2069 1525 2133 apud
1548 2076 1603 2117 te
1630 2077 1767 2118 esset
1794 2086 1893 2134 qua

404 2149 524 2192 satis
562 2145 781 2203 fecisset,
819 2146 979 2193 dares.
1049 2146 1310 2204 Quantum
1348 2148 1430 2203 sit,
1469 2145 1593 2193 Eros
1633 2143 1888 2194 Philotimi

403 2224 494 2269 tibi
519 2223 670 2269 dicet.
739 2221 838 2269 Sed
862 2222 927 2269 ad
950 2226 1138 2270 maiora
1160 2223 1438 2270 redeamus.

466 2299 615 2358 Quod
648 2307 809 2363 optas,
843 2299 1135 2347 Caelianum
1168 2299 1290 2346 illud
1322 2303 1632 2347 maturescit.
1706 2300 1889 2364 Itaque

402 2383 655 2439 torqueor,
694 2383 864 2423 utrum
904 2384 1111 2423 ventum
1150 2384 1457 2440 exspectem.
1528 2376 1723 2423 Vexillo
1762 2393 1887 2441 opus

403 2460 508 2507 est3
541 2452 891 2500 convolabunt.
961 2452 1109 2512 Quod
1143 2453 1339 2510 suades,
1375 2461 1432 2500 ut
1469 2453 1652 2517 palam,
1688 2469 1886 2517 prorsus

401 2530 672 2586 adsentior,
691 2532 864 2594 itaque
885 2546 967 2577 me
988 2529 1334 2594 profecturum
1354 2538 1493 2594 puto.
1564 2530 1695 2577 Tuas
1717 2538 1887 2578 tamen

404 2620 492 2678 338
