1988 3008
71 1048 167 1096 Sor.
204 1048 251 1096 in
286 1049 397 1096 For-

71 1116 222 1162 miano
244 1115 330 1161 ΙΙΙ

71 1181 131 1228 Κ.
169 1181 317 1229 Mart.
354 1199 396 1229 a.

70 1250 162 1299 705

709 263 990 310 MARCUS
1035 262 1337 310 TULLIUS
1384 262 1637 311 CICERO

427 409 535 440 esse
580 409 678 438 non
723 399 908 454 posset.
979 390 1180 438 Morem
1223 394 1385 454 gessi;
1447 391 1611 438 dimisi
1658 407 1688 438 a
1730 408 1812 439 me
1857 399 1915 439 ut

425 462 722 522 magistrum
749 458 1047 504 Ciceronum
1073 474 1174 504 non
1198 457 1451 513 lubenter,
1476 465 1534 504 ut
1559 457 1813 505 hominem
1842 462 1914 504 in—

425 532 627 588 gratum
658 541 757 571 non
786 527 986 571 invitus.
1051 524 1197 571 Volui
1227 531 1281 571 te
1312 527 1457 581 scire,
1488 532 1541 571 et
1573 525 1693 588 quid
1724 541 1819 589 ego
1849 525 1913 572 de

425 595 531 638 eius
554 590 689 638 facto
712 591 1001 638 iudicarem.

908 954 1082 984 CICERO
1117 954 1290 984 ATTICO
1325 954 1419 985 SAL.

486 1044 634 1103 Quod
669 1061 751 1090 me
787 1061 972 1107 magno
1010 1048 1161 1091 animi
1197 1052 1338 1092 motu
1364 1047 1719 1108 perturbatum
1743 1055 1910 1111 putas,

423 1128 532 1157 sum
553 1111 807 1174 equidem,
828 1111 918 1158 sed
937 1127 1037 1157 non
1058 1118 1165 1158 tam
1186 1128 1388 1175 magno,
1410 1129 1563 1175 quam
1582 1114 1676 1160 tibi
1697 1113 1909 1163 fortasse

422 1178 606 1224 videor.
669 1177 891 1224 Levatur
917 1180 1052 1224 enim
1078 1181 1238 1224 omnis
1263 1195 1400 1235 cura,
1425 1195 1540 1226 cum
1566 1187 1656 1227 aut
1679 1185 1910 1230 constitit

422 1244 698 1300 consilium,
720 1251 808 1290 aut
829 1244 1100 1307 cogitando
1121 1244 1243 1291 nihil
1265 1245 1561 1308 explicatur.
1618 1246 1909 1296 Lamentari

423 1318 595 1357 autem
621 1310 741 1357 licet
766 1310 890 1357 illud
916 1311 1122 1374 quidem
1148 1318 1283 1358 totos
1310 1312 1446 1368 dies;
1491 1313 1582 1360 sed
1606 1330 1798 1371 vereor,
1826 1332 1908 1372 ne,

421 1377 540 1423 nihil
563 1394 677 1424 cum
700 1377 973 1440 proficiam,
996 1381 1152 1424 etiam
1175 1378 1410 1425 dedecori
1432 1382 1525 1426 sim
1547 1380 1725 1428 studiis
1748 1398 1806 1428 ac
1827 1381 1909 1429 lit-

420 1447 540 1490 teris
571 1447 767 1490 nostriS.
832 1443 1083 1491 Consumo
1112 1447 1267 1508 igitur
1296 1462 1444 1492 omne
1464 1453 1666 1510 tempus
1683 1449 1907 1496 conside-
1973 1455 1975 1457 ’

418 1527 550 1565 rans,
573 1518 764 1572 quanta
786 1513 857 1556 vis
881 1514 945 1557 sit
966 1511 1096 1557 illius
1118 1514 1226 1568 viri,
1250 1528 1401 1574 quem
1424 1516 1606 1560 nostris
1627 1513 1763 1561 libris
1786 1518 1907 1563 satis

418 1576 706 1639 diligenter,
755 1584 812 1623 ut
860 1578 954 1623 tibi
1004 1577 1209 1640 quidem
1258 1578 1503 1636 videmur,
1553 1584 1904 1643 expressimus.

418 1643 647 1689 Tenesne
680 1646 834 1706 igitur
864 1644 1237 1691 moderatorem
1268 1645 1408 1692 illum
1440 1649 1510 1692 rei
1543 1646 1774 1709 publicae
1807 1665 1906 1712 quo

418 1709 606 1755 referre
637 1709 846 1756 velimus
876 1711 1077 1757 omnia?
1141 1711 1272 1757 Nam
1303 1715 1372 1758 sic
1402 1715 1596 1775 quinto,
1627 1720 1684 1760 ut
1714 1717 1905 1777 opinor,

420 1778 470 1821 in
496 1775 621 1822 libro
647 1775 868 1838 loquitur
894 1775 1085 1839 Scipio:
1131 1777 1158 1793 “
1185 1777 1258 1824 Ut
1286 1781 1421 1824 enim
1446 1780 1773 1842 gubernatori
1798 1798 1905 1828 cur-

417 1859 497 1887 sus
533 1842 797 1898 secundus,
832 1843 1027 1889 medico
1062 1843 1211 1900 salus,
1246 1847 1536 1907 imperatori
1573 1849 1797 1904 victoria,
1836 1851 1905 1894 sic

417 1907 530 1954 huic
555 1909 858 1955 moderatori
882 1913 955 1956 rei
978 1910 1209 1972 publicae
1233 1912 1388 1958 beata
1405 1915 1586 1958 civium
1606 1916 1709 1960 vita
1727 1930 1903 1977 propo-

419 1978 514 2020 sita
536 1982 630 2030 est,
651 1982 708 2021 ut
730 1977 907 2038 opibus
929 1976 1088 2032 firma,
1107 1980 1262 2040 copiis
1282 1977 1520 2041 locuples,
1541 1979 1700 2042 gloria
1720 1981 1904 2044 ampla,

418 2044 604 2087 virtute
629 2040 843 2088 honesta
867 2045 947 2088 sit.
1007 2043 1168 2090 Huius
1195 2047 1329 2090 enim
1354 2048 1517 2107 operis
1541 2049 1747 2092 maximi
1771 2050 1904 2094 inter

418 2105 643 2153 homines
674 2114 828 2170 atque
859 2112 1036 2171 optimi
1065 2109 1203 2156 illum
1235 2127 1343 2157 esse
1373 2111 1711 2174 perfectorem
1739 2113 1901 2160 volo.”

418 2173 527 2219 Hoc
554 2174 758 2220 Gnaeus
783 2182 954 2221 noster
978 2192 1093 2222 cum
1119 2183 1272 2223 antea
1296 2194 1573 2241 numquam
1597 2185 1708 2225 tum
1732 2182 1784 2226 in
1807 2179 1902 2227 hac

417 2256 566 2285 causa
584 2243 789 2287 minime
809 2244 1066 2304 cogitavit.
1122 2243 1415 2290 Dominatio
1435 2248 1665 2307 quaesita
1684 2247 1748 2293 ab
1766 2254 1902 2294 utro-

418 2322 515 2367 que
551 2313 645 2362 est,
678 2323 777 2353 non
810 2307 862 2354 id
895 2315 1083 2364 actum,
1115 2310 1272 2356 beata'
1303 2317 1357 2357 et
1388 2310 1604 2358 honesta
1635 2314 1811 2359 civitas
1843 2320 1902 2360 ut

419 2378 566 2417 esset.
637 2372 742 2419 Nec
768 2389 886 2419 vero
910 2374 993 2420 ille
1020 2376 1198 2422 urbem
1222 2376 1443 2439 reliquit,
1469 2378 1605 2440 quod
1631 2394 1744 2425 eam
1769 2382 1901 2426 tueri

418 2454 516 2483 non
543 2445 730 2499 posset,
757 2455 850 2486 nec
879 2439 1097 2497 Italiam,
1124 2442 1259 2504 quod
1287 2459 1347 2489 ea
1373 2443 1664 2506 pelleretur,
1691 2445 1782 2492 sed
1806 2444 1898 2493 hoc

417 2519 446 2548 a
465 2506 625 2565 primo
645 2507 903 2567 cogitavit,
924 2523 1097 2554 omnes
1117 2515 1295 2565 terras,
1316 2513 1482 2556 omnia
1501 2514 1659 2557 maria
1678 2528 1893 2570 movere,

416 2585 560 2631 reges
576 2571 812 2618 barbaros
828 2575 1245 2638 incitare‚gentes
1260 2574 1391 2622 feras
1408 2584 1627 2624 armatas
1636 2580 1687 2624 in
1699 2578 1898 2625 Italiam

419 2674 502 2719 130
