1988 3008
58 665 155 713 Scr.
202 665 387 714 Calibus

57 732 144 778 III
165 732 225 779 K.
254 732 384 779 Febr.

58 816 102 846 a.
127 800 219 849 705

58 2469 154 2517 Ser.
191 2470 238 2517 in
274 2470 317 2516 F
315 2488 384 2517 or-

58 2537 209 2583 miano
232 2537 262 2581 I
268 2538 309 2583 V

60 2602 181 2649 Non.
222 2603 350 2648 Febr.

59 2686 101 2714 α.
128 2670 218 2718 705

695 237 977 319 MARCUS
1021 271 1323 319 TULLIUS
1369 270 1620 319 CICERO

1095 461 1215 507 XVI

897 573 1070 603 CICERO
1106 573 1279 603 ATTICO
1315 572 1411 603 SAL.

475 654 665 701 Omnes
706 654 918 700 arbitror
957 653 1076 699 mihi
1118 660 1232 699 tuas
1271 653 1467 699 litteras
1507 653 1731 699 redditas
1771 669 1899 709 esse,

411 722 500 768 sed
517 724 703 784 primas
721 727 1066 783 praepostere,
1084 719 1302 782 reliquas
1321 719 1513 775 ordine,
1533 736 1632 782 quo
1651 727 1768 766 sunt
1786 723 1900 766 mis-

411 804 495 834 sae
512 804 603 850 per
619 788 925 833 Terentiam.
961 786 1040 832 De
1058 786 1311 832 mandatis
1329 786 1556 832 Caesaris
1574 786 1899 849 adventuque

412 854 622 901 Labieni
654 860 707 900 et
737 856 985 915 responsis
1016 852 1276 898 consulum
1306 869 1363 898 ac
1395 850 1602 915 Pompei
1633 855 1806 915 scripsi
1836 852 1901 899 ad

410 928 464 967 te
488 920 671 967 litteris
697 923 772 975 iis,
799 936 923 982 quas
950 936 993 965 a.
1021 919 1069 965 d.
1096 935 1126 964 v
1156 918 1267 965 Kal.
1296 918 1470 981 Capua
1495 919 1630 974 dedi,
1654 919 1900 982 pluraque

410 994 677 1050 praeterea
695 989 746 1031 in
769 986 984 1032 eandem
1005 985 1274 1048 epistulam
1293 988 1498 1031 conieci.
1540 985 1684 1031 Nunc
1704 984 1793 1032 has
1815 1002 1900 1032 ex-

410 1056 750 1116 spectationes
764 1052 1009 1098 habemus
1025 1052 1166 1107 duas,
1181 1068 1351 1106 unam,
1366 1051 1487 1114 quid
1502 1051 1686 1098 Caesar
1700 1058 1901 1098 acturus

410 1123 492 1175 sit,
522 1136 636 1165 cum
668 1122 920 1181 acceperit
951 1135 1028 1174 ea,
1059 1134 1190 1180 quae
1220 1117 1488 1164 referenda
1517 1118 1582 1165 ad
1610 1117 1751 1164 illum
1780 1118 1902 1165 data

409 1193 527 1232 sunt
556 1185 612 1231 L.
643 1185 862 1240 Caesari,
891 1185 1120 1240 alteram,
1149 1184 1270 1247 quid
1298 1183 1566 1247 Pompeius
1594 1191 1730 1248 agat.
1799 1184 1898 1243 Qui

409 1252 615 1314 quidem
643 1252 708 1298 ad
734 1268 817 1298 me
845 1253 1016 1298 scribit
1043 1254 1214 1313 paucis
1243 1251 1419 1297 diebus
1448 1267 1501 1297 se
1530 1251 1728 1298 firmum
1757 1267 1898 1298 exer-

409 1322 565 1365 citum
610 1318 918 1373 habiturum,
963 1334 1206 1380 spemque
1252 1317 1435 1373 adfert,
1479 1320 1517 1364 si
1561 1319 1613 1363 in
1658 1316 1899 1365 Picenum

410 1401 588 1448 agrum
615 1388 722 1447 ipse
751 1388 962 1439 venerit,
990 1401 1078 1430 nos
1107 1384 1319 1430 Romam
1346 1384 1594 1431 redituros
1623 1400 1747 1431 esse.
1805 1384 1898 1431 La-

408 1452 615 1497 bienum
651 1467 822 1497 secum
857 1450 1014 1497 habet
1049 1467 1149 1496 non
1184 1450 1506 1497 dubitantem
1541 1450 1605 1497 de
1639 1451 1898 1497 imbecilli-

409 1524 520 1563 tate
541 1517 767 1563 Caesaris
786 1520 1041 1580 copiarum
1058 1531 1070 1571 3
1106 1519 1245 1563 cuius
1265 1517 1488 1563 adventu
1508 1517 1712 1564 Gnaeus
1731 1524 1902 1564 noster

410 1583 570 1630 multo
603 1586 753 1629 animi
784 1583 895 1646 plus
925 1582 1097 1629 habet.
1168 1583 1269 1629 Nos
1301 1600 1330 1629 a
1359 1583 1644 1630 consulibus
1675 1583 1900 1647 Capuam
1987 1601 1988 1604 ’

412 1653 581 1697 venire
609 1653 726 1696 iussi
755 1666 925 1696 sumus
954 1650 1019 1696 ad
1047 1649 1215 1696 Nonas
1245 1649 1389 1696 Febr.

475 1716 649 1779 Capua
667 1715 922 1778 profectus
947 1733 1057 1762 sum
1084 1716 1305 1762 Formias
1325 1733 1368 1762 a.
1391 1716 1438 1762 d.
1461 1732 1519 1761 111
1545 1715 1655 1763 Kal.
1724 1716 1800 1763 Eo
1818 1717 1899 1764 die

409 1799 523 1828 cum
550 1782 751 1829 Calibus
777 1790 890 1828 tuas
916 1782 1112 1828 litteras
1137 1781 1260 1828 hora
1285 1782 1391 1829 fere
1418 1799 1550 1828 nona
1575 1786 1896 1846 accepissem,

410 1847 499 1895 has
520 1852 693 1894 statim
716 1849 847 1895 dedi.
892 1849 971 1895 De
993 1849 1232 1895 Terentia
1254 1856 1307 1895 et
1328 1849 1490 1895 Tullia
1510 1850 1604 1895 tibi
1626 1849 1896 1896 adsentior.

409 1915 492 1961 Ad
519 1932 642 1977 quas
669 1918 982 1978 scripseram,
1009 1915 1073 1961 ad
1099 1922 1152 1962 te
1181 1922 1237 1962 ut
1264 1915 1528 1961 referrent.
1598 1915 1647 1962 Si
1674 1916 1897 1963 nondum

410 1981 667 2044 profectae
707 1988 841 2037 sunt,
880 1981 999 2027 nihil
1039 1989 1133 2037 est,
1173 1982 1308 2044 quod
1346 1998 1398 2028 se
1437 1989 1691 2038 moveant,
1731 1983 1896 2046 quoad

410 2051 785 2111 perspiciamus,
815 2065 913 2112 quo
941 2048 1034 2094 loci
1063 2051 1127 2095 sit
1154 2065 1247 2095 res.

1080 2308 1222 2353 XVII

896 2429 1069 2460 CICERO
1106 2430 1276 2460 A'r'mco
1313 2430 1408 2460 SAL.

473 2519 610 2566 Tuae
640 2518 842 2566 litterae
874 2521 990 2565 mihi
1024 2528 1202 2583 gratae
1233 2520 1581 2583 iucundaeque
1614 2527 1744 2567 sunt.
1816 2520 1894 2567 De

411 2589 576 2647 pueris
615 2589 664 2632 in
703 2586 967 2633 Graeciam
1005 2587 1405 2650 transportandis
1448 2595 1552 2633 tum
1591 2590 1891 2651 cogitabam.

412 2687 466 2732 72
