2014 3008
769 241 1052 290 MARCUS
1095 241 1397 290 TULLIUS
1419 244 1427 253 ’
1442 242 1694 291 CICERO

486 371 608 435 quid
635 370 841 427 habeat,
871 371 1057 418 scribas
1088 370 1153 418 ad
1181 385 1292 426 me3
1342 373 1434 427 sin,
1465 378 1522 418 ut
1552 373 1817 435 perspicio,
1850 370 1972 419 nihil

486 449 599 501 erit,
633 446 818 492 scribas
850 444 903 491 id
935 447 1113 508 ipsum.
1182 445 1292 510 Ego
1328 445 1392 492 ad
1424 452 1496 502 te,
1530 448 1570 492 si
1605 445 1727 510 quid
1761 445 1968 493 audiero

485 522 649 574 citius,
675 519 903 565 scribam.
972 519 1112 567 Vale.

550 609 641 639 vm
669 593 787 640 Idus
812 592 987 640 Sextil.

1156 779 1300 826 XXV

971 896 1145 927 CICERO
1180 896 1352 927 ATTICO
1387 895 1484 927 SAL.

134 975 231 1022 Ser.
552 977 717 1026 Facile
746 978 1002 1026 adsentior
1027 981 1127 1024 tuis
1154 977 1353 1034 litteris,
1381 979 1560 1041 quibus
1589 980 1796 1042 exponis
1822 977 1972 1042 pluri·
2002 975 2014 1026 ’Ϊ

132 1040 357 1088 Brundisi
369 1040 469 1116 ‚HI
486 1054 580 1100 bus
602 1055 765 1100 verbis
796 1053 985 1100 nullum
1015 1055 1286 1099 consistere
1308 1051 1584 1108 consilium,
1607 1069 1707 1116 quo
1731 1070 1761 1099 a
1784 1059 1838 1100 te
1862 1048 1971 1116 pos·
2011 1090 2014 1114 z

134 1109 188 1155 N
186 1126 258 1156 ⁰⁷²·
284 1108 440 1162 Qumt·
487 1131 580 1174 sim
615 1130 786 1174 iuvari.
856 1126 1141 1174 Consolatio
1177 1132 1316 1173 certe
1347 1125 1483 1172 nulla
1514 1133 1608 1182 est,
1641 1143 1771 1189 quae
1803 1125 1971 1173 levare

134 1193 177 1222 a·
204 1177 301 1227 707
487 1205 642 1266 possit
680 1201 903 1249 dolorem
939 1217 1124 1247 meum.
1194 1199 1328 1246 Nihil
1367 1207 1445 1247 est
1483 1203 1617 1247 enim
1653 1207 1972 1247 contractum

484 1293 603 1323 casu
629 1276 767 1338 (nam
792 1275 844 1322 id
869 1282 1003 1322 esset
1028 1273 1332 1336 ferendum),
1358 1273 1448 1320 sed
1472 1277 1640 1320 omnia
1663 1273 1875 1321 fecimus
1901 1276 1972 1321 eis
1999 1277 2014 1345 Ξ

484 1351 732 1397 erroribus
775 1356 828 1396 et
870 1351 1081 1396 miseriis
1125 1356 1179 1395 et
1222 1351 1373 1394 animi
1418 1355 1471 1395 et
1513 1351 1748 1411 corporis,
1791 1349 1971 1412 quibus
1999 1346 2014 1390 ⁹5

483 1427 696 1488 proximi
725 1426 920 1470 utinam
947 1422 1138 1470 mederi
1166 1422 1486 1469 maluissent!
1555 1421 1721 1480 Quam
1750 1423 1814 1470 ob
1841 1439 1967 1479 rem,

484 1501 721 1562 quoniam
744 1514 910 1561 neque
933 1497 1122 1544 consilii
1145 1499 1220 1543 tui
1244 1513 1411 1559 neque
1434 1496 1785 1543 consolationis
1809 1499 1970 1544 cuius-

485 1589 638 1635 quam
663 1588 776 1635 spes
801 1571 902 1618 ulla
926 1570 1046 1617 mihi
1073 1571 1373 1626 ostenditur,
1398 1587 1499 1617 non
1524 1587 1766 1634 quaeram
1789 1569 1915 1618 haec
1940 1587 1971 1618 a

484 1653 538 1693 te
561 1645 799 1710 posthac;
839 1653 1042 1692 tantum
1067 1645 1231 1700 velim,
1256 1661 1319 1691 ne
1343 1648 1669 1701 intermittas,
1693 1645 1882 1692 scribas
1907 1644 1971 1692 ad
1998 1646 2014 1710 ᾖ

484 1739 584 1778 me,
606 1720 843 1784 quicquid
863 1722 1033 1767 veniet
1055 1721 1147 1766 tibi
1168 1722 1220 1765 in
1240 1726 1484 1774 mentem,
1505 1735 1619 1765 cum
1639 1717 1867 1775 habebis,
1889 1722 1966 1766 cui
1999 1709 2014 1753 ’ἔ

485 1796 591 1851 des,
609 1801 663 1841 et
681 1794 802 1841 dum
828 1796 940 1849 erit,
958 1793 1023 1840 ad
1039 1810 1191 1856 quem
1208 1792 1297 1839 des
1313 1808 1325 1847 ;
1360 1792 1495 1856 quod
1512 1792 1718 1856 longum
1733 1809 1834 1845 non
1852 1795 1970 1840 erit.
1997 1754 2014 1901 ᾗ

551 1868 698 1915 Illum
725 1868 1007 1915 discessisse
1035 1866 1345 1913 Alexandria
1372 1883 1539 1912 rumor
1568 1873 1646 1913 est
1674 1883 1774 1913 non
1802 1866 1971 1914 firmus
1998 1860 2003 1910 f

485 1950 624 1990 ortus
659 1959 723 1989 ex
757 1941 942 2005 Sulpici
975 1941 1186 1996 litteris3
1239 1957 1362 2004 quas
1396 1943 1564 1987 cuncti
1598 1947 1776 2004 postea
1809 1942 1970 1988 nuntii
1998 1903 2014 2003 ξ

485 2017 856 2064 confirmarunt.
926 2014 1076 2074 Quod
1106 2031 1284 2072 verum
1312 2031 1376 2060 an
1408 2013 1588 2060 falsum
1619 2017 1702 2070 sit,
1735 2017 1972 2078 quoniam
1998 2010 2014 2092 ξ

485 2107 600 2137 mea
623 2089 744 2136 nihil
765 2093 995 2145 interest,
1019 2096 1190 2135 utrum
1213 2088 1400 2145 malim,
1425 2091 1606 2135 nescio.
1993 2094 2014 2138 ἑ

549 2163 698 2222 Quod
740 2163 805 2210 ad
845 2170 898 2209 te
940 2166 1041 2209 iam
1082 2162 1278 2226 pridem
1319 2162 1383 2208 de
1425 2168 1736 2209 testamento
1778 2165 1968 2226 scripsi,
1998 2139 2014 2251 Ξ

486 2238 621 2301 apud
655 2239 872 2286 εὔπιστόν
905 2258 1007 2285 τινα
1036 2236 1184 2282 velim
1221 2243 1277 2282 ut
1313 2238 1469 2299 possit
1506 2234 1795 2282 adservari.¹
1862 2236 1971 2300 Ego
2001 2247 2014 2292 ἰῇ

485 2310 631 2358 huius
652 2313 979 2358 miserrumae
1002 2309 1240 2357 fatuitate
1263 2309 1522 2357 confectus
1544 2308 1815 2356 conflictor.
1886 2309 1968 2356 Ni·
1998 2292 2014 2365 ἶ

546 2418 560 2442 ¹
589 2417 676 2457 The
699 2417 832 2456 MSS.
857 2417 953 2456 read
976 2416 1094 2467 apud
1117 2417 1321 2467 epistolas
1341 2415 1470 2455 velim
1491 2422 1541 2456 ut
1565 2416 1726 2467 possim
1754 2414 1970 2457 adversas.
1995 2382 2014 2422 {³}

486 2469 512 2509 I
568 2470 668 2510 have
716 2470 905 2522 followed
961 2469 1103 2510 Boot’s
1160 2468 1432 2516 emendation,
1489 2468 1639 2520 lhouqh
1687 2468 1786 2508 with
1836 2468 1972 2509 doubt.
1998 2519 1999 2522 Ἴ

483 2523 752 2585 81ιαρ1ὠτιν91ι
785 2529 968 2575 εαρᾳωιε
1003 2523 1120 2574 apud
1159 2522 1345 2563 vestales
1381 2522 1510 2563 velim
1547 2523 1792 2574 depositum
1828 2522 1968 2563 adser-
1997 2516 2014 2571 3

486 2590 591 2616 van.

1996 1795 2002 1803 2

485 2654 574 2709 426
