1988 3008
670 234 951 282 MARCUS
995 232 1294 282 TULLIUS
1339 231 1591 280 CICERO

407 373 578 412 tecum
614 366 821 418 absens;
875 380 974 426 quo
1010 362 1147 420 mihi,
1182 379 1297 410 cum
1331 379 1498 409 coram
1531 361 1584 409 id
1619 378 1718 409 non
1753 361 1889 418 licet,

407 431 528 479 nihil
561 439 639 478 est
670 430 946 478 iucundius.

473 499 699 561 Capuam
714 514 829 544 cum
845 499 1093 544 venissem
1109 512 1152 542 a.
1171 495 1219 543 d.
1236 511 1287 542 vl
1307 494 1418 542 Kal.
1436 494 1616 558 pridie,
1632 511 1784 558 quam
1800 494 1889 541 has

409 565 604 612 litteras
630 564 764 620 dedi,
789 563 1015 610 consules
1039 565 1247 610 conveni
1273 562 1558 625 multosque
1582 564 1740 609 nostri
1762 561 1890 608 ordi-

408 635 498 678 nis,
568 631 758 679 Omnes
784 631 1057 693 cupiebant
1083 629 1352 677 Caesarem
1377 629 1606 676 abductis
1632 627 1890 692 praesidiis

409 707 543 745 stare
581 698 955 744 condicionibus
992 700 1069 753 iis,
1107 713 1231 759 quas
1268 695 1495 751 tulisset;
1550 698 1635 743 uni
1673 695 1890 742 Favonio

409 765 547 829 leges
571 766 635 811 ab
656 765 739 811 illo
762 765 903 811 nobis
925 766 1113 827 imponi
1135 780 1236 810 non
1257 763 1507 826 placebat.
1574 761 1675 810 Sed
1695 765 1735 809 is
1756 761 1892 808 haud

409 832 611 879 auditus
630 831 649 860 1
692 834 743 877 in
784 831 1002 877 consilio.
1072 830 1199 877 Cato
1242 833 1376 878 enim
1416 833 1524 893 ipse
1565 832 1666 876 iam
1707 832 1890 876 servire

409 915 562 960 quam
592 915 818 962 pugnare
850 897 1070 952 mavult;
1119 897 1210 944 sed
1237 904 1413 944 tamen
1444 899 1515 944 ait
1545 899 1597 942 in
1627 903 1807 943 senatu
1838 912 1891 942 se

410 966 586 1013 adesse
613 965 759 1020 velle,
785 982 900 1011 cum
926 965 989 1012 de
1017 964 1391 1011 condicionibus
1418 970 1616 1027 agatur,
1642 965 1682 1009 si
1709 962 1892 1010 Caesar

410 1032 657 1080 adductus
720 1034 801 1088 sit,
863 1038 921 1078 ut
983 1031 1231 1094 praesidia
1292 1030 1527 1078 deducat.
1597 1029 1696 1086 Ita,
1759 1029 1892 1092 quod

408 1102 628 1146 maxime
663 1115 787 1162 opus
824 1105 918 1154 est,
953 1101 1004 1143 in
1039 1097 1258 1144 Siciliam
1291 1100 1364 1145 ire
1398 1113 1499 1144 non
1533 1104 1703 1152 curat3
1757 1096 1892 1160 quod

407 1174 582 1213 metuo
629 1182 692 1212 ne
740 1166 888 1221 obsit,
936 1167 986 1210 in
1032 1172 1212 1212 senatu
1259 1180 1367 1211 esse
1413 1164 1536 1211 vult.
1606 1162 1892 1210 Postumius

410 1240 600 1289 autem,
623 1233 686 1279 de
710 1249 809 1295 quo
831 1234 1129 1278 nominatim
1150 1239 1355 1279 senatus
1378 1231 1619 1287 decrevit,
1640 1237 1699 1278 ut
1720 1232 1894 1278 statim

409 1303 461 1347 in
483 1299 700 1347 Siciliam
721 1302 819 1346 iret
842 1298 1179 1362 Furfanioque
1202 1298 1512 1354 succederet,
1534 1304 1691 1362 negat
1712 1313 1765 1345 se
1788 1300 1893 1344 sine

411 1366 605 1414 Catone
629 1369 818 1413 iturum
850 1373 903 1413 et
933 1382 1076 1413 suam
1105 1369 1156 1412 in
1186 1373 1367 1413 senatu
1391 1381 1597 1429 operam
1626 1367 1893 1412 auetorita-

410 1441 618 1497 temque
642 1450 795 1497 quam
816 1435 986 1496 magni
1010 1435 1261 1479 aestimat.
1331 1432 1413 1479 Ita
1446 1448 1526 1479 res
1555 1431 1620 1479 ad
1649 1431 1894 1478 Fannium

410 1503 655 1565 pervenit.
698 1500 746 1546 Is
766 1516 880 1546 cum
899 1502 1109 1563 imperio
1128 1503 1179 1546 in
1199 1499 1417 1546 Siciliam
1435 1501 1793 1562 praemittitur.
1835 1498 1894 1545 In

410 1568 835 1630 disputationibus
859 1569 1040 1614 nostris
1065 1583 1260 1613 summa
1282 1569 1498 1613 varietas
1522 1573 1615 1613 est.
1663 1564 1894 1629 Plerique

411 1641 603 1698 negant
645 1633 913 1680 Caesarem
958 1636 1010 1680 in
1056 1633 1348 1680 condicione
1394 1649 1685 1680 mansurum
1724 1640 1894 1696 postu-

413 1701 618 1764 lataque
642 1700 767 1748 haec
791 1701 855 1747 ab
880 1717 939 1747 eo
962 1703 1260 1764 interposita
1284 1716 1410 1757 esse,
1435 1716 1533 1763 quo
1556 1703 1737 1756 minus,
1761 1699 1895 1763 quod

412 1784 535 1831 opus
561 1775 695 1815 esset
719 1767 784 1814 ad
804 1766 1010 1824 bellum,
1030 1784 1060 1814 a
1082 1768 1224 1814 nobis
1242 1774 1520 1831 pararetur.
1587 1766 1698 1831 Ego
1722 1774 1894 1814 autem

414 1852 530 1882 eum
564 1842 689 1898 puto
724 1833 994 1891 facturum,
1028 1841 1087 1881 ut
1120 1833 1370 1898 praesidia
1404 1833 1639 1882 deducat.
1707 1833 1896 1881 Vicerit

414 1905 565 1958 enim,
593 1905 632 1948 si
659 1900 830 1948 consul
857 1900 1020 1948 factus
1049 1904 1162 1958 erit,
1191 1908 1244 1948 et
1270 1904 1461 1948 minore
1489 1900 1676 1948 scelere
1703 1903 1894 1956 vicerit,

414 1986 565 2032 quam
597 1984 696 2032 quo
725 1971 977 2032 ingressus
1009 1975 1101 2015 est.
1170 1967 1271 2015 Sed
1300 1967 1592 2031 accipienda
1621 1967 1772 2032 plaga
1801 1975 1892 2014 est.

414 2035 593 2082 Sumus
615 2038 749 2082 enim
770 2035 1017 2099 flagitiose
1037 2038 1272 2098 imparati
1292 2052 1407 2081 cum
1427 2051 1457 2081 a
1475 2034 1716 2081 militibus
1736 2041 1846 2082 tum
1867 2051 1896 2080 a

414 2105 655 2166 pecunia3
699 2119 850 2165 quam
877 2102 1080 2165 quidem
1107 2118 1308 2148 omnem
1332 2118 1433 2148 non
1456 2101 1605 2148 modo
1629 2104 1894 2164 privatam,

415 2185 545 2232 quae
566 2172 618 2215 in
639 2170 762 2215 urbe
786 2176 880 2225 est,
903 2168 992 2216 sed
1014 2172 1169 2215 etiam
1190 2168 1459 2232 publicam,
1481 2184 1611 2231 quae
1632 2171 1684 2214 in
1706 2171 1895 2214 aerario

416 2243 510 2288 est,
529 2235 597 2281 illi
616 2235 920 2298 reliquimus.
991 2234 1258 2299 Pompeius
1277 2235 1342 2282 ad
1358 2235 1581 2299 legiones
1601 2234 1856 2297 Appianas
1875 2235 1894 2263 2

416 2310 493 2349 est
531 2301 813 2364 profectus3
872 2302 1151 2349 Labienum
1189 2318 1359 2349 secum
1395 2301 1566 2348 habet.
1635 2301 1745 2365 Ego
1782 2308 1894 2348 tuas

415 2372 672 2431 opiniones
734 2369 797 2416 de
859 2368 933 2416 his
994 2370 1143 2416 rebus
1206 2376 1459 2432 exspecto.
1530 2368 1750 2415 Formias
1812 2384 1893 2414 me

414 2438 651 2482 continuo
681 2439 904 2498 recipere
935 2436 1237 2499 cogitabam.

417 2532 636 2626 Mlulgiaud
652 2533 827 2573 auditus
844 2533 1000 2575 Rosius
1017 2548 1027 2573 ε
1062 2533 1238 2574 auditus
1254 2534 1429 2574 auditus
1447 2533 1499 2573 M
1518 2548 1527 2573 ι
1546 2546 1572 2573 a
1589 2533 1705 2573 nuno
1722 2532 1896 2573 auditus

471 2600 499 2626 u
532 2599 587 2627 er.

418 2669 476 2716 70
