1988 3008
732 240 1012 290 MARCUS
1056 239 1355 288 TULLIUS
1401 240 1651 288 CICERO

454 373 657 436 quidem
687 371 896 426 cecidit3
944 372 1029 433 qui
1058 376 1233 416 tamen
1261 372 1336 416 ita
1364 369 1531 416 dicere
1563 369 1775 426 solebat,
1804 386 1858 417 se
1886 369 1939 417 id

454 447 559 494 fore
586 446 773 502 videre,
800 443 935 508 quod
961 443 1154 491 factum
1182 450 1277 500 est,
1304 443 1394 491 sed
1421 443 1570 490 malle
1599 460 1752 508 quam
1780 459 1938 490 arma-

454 528 564 568 tum
587 520 651 567 ad
671 521 866 583 patriae
889 521 1089 565 moenia
1111 517 1368 564 accedere.
1413 517 1577 565 Aliter
1598 516 1938 582 Thrasybulus

455 602 508 641 et
531 593 742 640 fortasse
765 592 958 639 melius.
1027 590 1128 638 Sed
1152 597 1230 638 est
1253 598 1393 639 certa
1417 591 1668 655 quaedam
1689 591 1774 638 illa
1799 590 1940 638 Muci

453 670 582 714 ratio
606 674 760 731 atque
785 668 1057 722 sententia,
1083 672 1161 712 est
1183 665 1268 712 illa
1293 668 1449 712 etiam
1473 664 1706 729 Philippi,
1730 671 1801 723 et,
1824 681 1940 713 cum

454 745 519 788 sit
544 757 767 797 necesse,
793 742 977 787 servire
1004 741 1222 802 tempori
1248 745 1302 786 et
1327 755 1429 786 non
1455 742 1692 786 amittere
1719 746 1939 804 tempus,

453 832 568 862 cum
592 817 657 861 sit
681 814 872 861 datum.
941 812 1042 860 Sed
1065 815 1117 859 in
1140 811 1234 859 hoc
1258 815 1366 876 ipso
1388 811 1582 861 habent
1605 820 1780 861 tamen
1803 813 1940 862 idem

454 888 613 936 fasces
633 887 931 936 molestiam.
985 886 1061 934 Sit
1083 890 1218 933 enim
1237 888 1379 934 nobis
1401 890 1608 945 amicus,
1627 887 1764 952 quod
1782 890 1940 935 incer-

453 970 564 1009 tum
590 969 684 1019 est,
708 962 798 1009 sed
821 965 914 1018 sit;
956 960 1155 1008 deferet
1178 960 1507 1025 triumphum.
1575 961 1690 1009 Non
1713 965 1940 1026 accipere

455 1037 568 1084 vide
586 1053 650 1084 ne
668 1036 1002 1100 periculosum
1020 1038 1103 1093 sit,
1122 1038 1350 1099 accipere
1368 1036 1667 1084 invidiosum
1685 1036 1751 1084 ad
1766 1037 1938 1085 bonos.

455 1112 482 1129 “
508 1112 553 1160 O
593 1109 752 1168 rem,’'
793 1113 975 1174 inquis,
1017 1109 1044 1127 ‘⁶
1068 1109 1320 1158 difficilem
1362 1117 1416 1158 et
1455 1110 1886 1175 inexplicabilem!
1911 1108 1940 1127 '²

455 1188 614 1251 Atqui
650 1185 947 1249 explicanda
984 1192 1077 1232 est.
1136 1184 1272 1244 Quid
1296 1188 1431 1232 enim
1455 1185 1562 1233 fieri
1585 1185 1793 1250 potest?
1848 1186 1941 1243 Ac,

454 1279 518 1309 ne
545 1278 627 1309 me
655 1263 954 1308 existimaris
982 1260 1047 1307 ad
1071 1260 1381 1307 manendum
1409 1276 1517 1307 esse
1544 1263 1938 1324 propensiorem,

455 1336 591 1400 quod
610 1335 754 1400 plura
773 1338 825 1382 in
848 1352 960 1382 eam
982 1342 1181 1399 partem
1202 1336 1357 1382 verba
1377 1334 1603 1393 fecerim,
1623 1342 1795 1399 potest
1815 1335 1941 1392 fieri,

455 1410 591 1474 quod
611 1410 668 1457 fit
686 1413 738 1456 in
758 1409 928 1457 multis
950 1411 1346 1474 quaestionibus,
1366 1416 1424 1457 ut
1443 1426 1524 1458 res
1544 1410 1797 1458 verbosior
1815 1408 1942 1457 haec

456 1485 626 1542 fuerit,
656 1484 741 1531 illa
772 1487 947 1531 verior.
1016 1483 1182 1543 Quam
1215 1485 1279 1531 ob
1311 1501 1419 1531 rem
1451 1492 1509 1532 ut
1539 1487 1761 1531 maxima
1791 1484 1855 1532 de
1887 1501 1941 1532 re

457 1576 619 1624 aequo
641 1562 805 1606 animo
826 1558 1127 1606 deliberanti
1147 1563 1221 1606 ita
1240 1558 1362 1606 mihi
1383 1559 1472 1606 des
1493 1558 1756 1606 consilium
1776 1558 1939 1607 velim.

458 1634 608 1681 Navis
633 1641 686 1680 et
707 1636 758 1680 in
781 1633 958 1681 Caieta
981 1641 1059 1681 est
1081 1641 1260 1697 parata
1282 1634 1424 1680 nobis
1450 1641 1503 1681 et
1525 1632 1772 1680 Brundisi.

521 1708 621 1755 Sed
654 1724 771 1755 6666
804 1711 968 1754 nuntii
1002 1709 1254 1755 scribente
1289 1724 1370 1754 me
1404 1707 1531 1755 haec
1564 1711 1673 1772 ipsa
1705 1714 1859 1755 noctu
1891 1710 1943 1754 in

459 1783 661 1839 Caleno,
689 1798 806 1829 ecce
832 1781 1035 1829 litterae
1064 1782 1332 1829 Caesarem
1360 1782 1426 1829 ad
1452 1781 1742 1839 Corfinium,
1770 1781 1943 1829 Domi-

457 1861 586 1904 tium
607 1856 790 1904 Corfini
812 1873 926 1903 611111
948 1856 1090 1904 firmo
1113 1859 1341 1904 exercitu
1364 1863 1418 1904 et
1438 1873 1666 1922 pugnare
1687 1859 1940 1920 cupiente.

458 1931 572 1979 Non
593 1938 718 1995 puto
743 1933 898 1977 etiam
920 1929 1014 1977 hoc
1039 1931 1271 1978 Gnaeum
1294 1938 1523 1978 nostrum
1546 1933 1946 1993 commissurum,

459 2013 515 2053 ut
546 2006 827 2053 Domitium
855 2005 1136 2068 relinquat;
1185 2008 1279 2053 etsi
1310 2005 1630 2053 Brundisium
1660 2004 1944 2070 Scipionem

459 2098 573 2127 cum
592 2079 878 2127 cohortibus
900 2080 1094 2128 duabus
1115 2083 1462 2143 praemiserat,
1483 2080 1736 2144 legionem
1758 2079 1944 2128 Fausto

459 2158 790 2218 conscriptam
825 2158 876 2200 in
911 2154 1128 2201 Siciliam
1165 2156 1257 2202 sibi
1292 2154 1492 2218 placere
1529 2171 1558 2201 a
1591 2154 1794 2202 consule
1830 2154 1945 2202 duci

460 2232 724 2292 scripserat
746 2229 810 2276 ad
830 2229 1072 2276 consules.
1116 2228 1216 2276 Sed
1237 2237 1385 2293 turpe
1409 2229 1690 2276 Domitium
1711 2229 1944 2276 deserere

461 2306 557 2349 erit
585 2303 939 2366 implorantem
971 2307 1075 2350 eius
1108 2304 1363 2350 auxilium.
1425 2303 1517 2350 Est
1549 2303 1800 2366 quaedam
1831 2319 1944 2366 spes

460 2377 579 2423 mihi
627 2377 830 2440 quidem
875 2395 975 2425 non
1020 2395 1221 2442 magna,
1268 2379 1358 2425 sed
1402 2381 1453 2424 in
1497 2377 1574 2424 his
1620 2378 1738 2425 locis
1785 2378 1944 2434 firma,

461 2451 725 2498 Afranium
752 2455 803 2497 in
833 2450 1092 2516 Pyrenaeo
1121 2470 1235 2499 611111
1262 2453 1511 2500 Trebonio
1540 2469 1809 2516 pugnasse,
1836 2451 1944 2516 pul-

462 2541 572 2571 sum
602 2525 922 2583 Trebonium,
955 2530 1110 2574 etiam
1143 2527 1353 2574 Fabium
1385 2535 1530 2574 tuum
1561 2530 1800 2574 transisse
1831 2543 1944 2574 cum

469 2663 551 2694 112
