1988 3008
704 184 986 232 MARCUS
1030 184 1332 232 TULLIUS
1377 185 1628 234 CICERO

419 312 724 369 mehercule,
746 320 804 359 ut
824 311 948 358 mihi
969 315 1100 359 visus
1124 319 1221 369 est,
1241 320 1558 375 temperatus
1582 321 1636 362 et
1655 313 1906 377 prudens;

419 391 735 434 existimatus
752 386 957 449 quidem
971 393 1051 433 est
1064 402 1268 449 semper
1280 393 1458 434 auctor
1471 390 1577 434 otii.
1644 387 1812 446 Quam
1823 387 1906 434 ille

417 461 509 507 hoc
538 478 636 507 non
665 461 881 523 probare
909 459 1032 506 mihi
1061 459 1268 523 quidem
1295 463 1426 507 visus
1457 467 1555 517 est,
1583 477 1736 523 quam
1762 460 1901 507 illam

415 537 607 590 νέκυιαν,
637 541 694 581 ut
722 541 781 580 tu
809 533 1050 596 appellas,
1078 533 1290 581 timere!
1359 533 1491 581 Huic
1527 549 1623 597 ego
1658 537 1711 580 in
1742 533 1905 581 multo

414 624 645 654 sermone
666 607 934 669 epistulam
954 607 1019 654 ad
1037 623 1119 654 me
1140 606 1369 654 Caesaris
1390 607 1608 664 ostendi,
1629 623 1745 654 eam
1763 610 1903 654 euius

418 681 706 743 exemplum
724 680 789 728 ad
808 688 863 728 te
886 688 1039 728 antea
1059 683 1191 737 misi,
1207 684 1500 745 rogavique,
1518 688 1577 729 ut
1598 685 1906 745 interpreta-

414 762 571 811 retur,
601 754 721 817 quid
750 761 904 811 esset,
933 754 1069 818 quod
1095 755 1179 802 ille
1206 755 1475 812 scriberet,
1504 754 1533 773 ‘⁸
1555 756 1761 803 consilio
1790 771 1906 802 meo

414 845 467 874 se
499 831 572 874 uti
604 828 748 884 velle,
777 831 963 892 gratia,
992 828 1262 892 dignitate,
1292 845 1388 892 ope
1417 845 1591 876 rerum
1620 828 1900 877 omnium.'’

417 902 693 964 Respondit
716 918 770 948 se
795 918 895 949 non
919 902 1173 959 dubitare,
1198 906 1320 966 quin
1344 911 1398 950 et
1422 920 1572 966 opem
1602 911 1656 951 et
1684 907 1905 968 gratiam

414 993 581 1022 meam
603 976 686 1022 ille
709 976 774 1023 ad
796 976 1199 1038 pacificationem
1223 984 1514 1040 quaereret.
1583 976 1795 1024 Utinam
1818 977 1906 1024 ali-

415 1050 549 1112 quod
563 1053 614 1095 in
632 1049 725 1096 hac
743 1053 947 1096 miseria
963 1054 1036 1097 rei
1055 1050 1288 1113 publicae
1306 1054 1545 1101 πολιτικὸν
1563 1067 1686 1114 opus
1706 1051 1905 1100 efficere

414 1131 468 1170 et
490 1140 673 1170 navare
695 1123 817 1170 mihi
837 1124 1015 1171 liceat!
1087 1124 1279 1171 Matius
1303 1124 1510 1188 quidem
1531 1133 1586 1172 et
1609 1125 1749 1171 illum
1770 1129 1822 1171 in
1844 1141 1906 1172 ea

413 1201 668 1244 sententia
692 1214 802 1245 esse
825 1198 1112 1246 confidebat
1138 1206 1191 1246 et
1216 1215 1270 1246 se
1295 1205 1557 1246 auctorem
1575 1198 1685 1246 fore
1705 1199 1907 1263 pollice-

414 1272 579 1318 batur.

480 1346 644 1392 Pridie
685 1353 858 1393 autem
899 1346 1034 1409 apud
1074 1363 1156 1393 me
1198 1346 1455 1409 Crassipes
1497 1346 1684 1404 fuerat,
1725 1351 1810 1411 qui
1850 1363 1905 1395 se

413 1421 573 1482 pridie
609 1419 735 1467 Non.
775 1420 990 1467 Martias
1025 1420 1291 1468 Brundisio
1324 1420 1614 1484 profectum
1647 1428 1802 1484 atque
1835 1421 1903 1468 ibi

415 1493 710 1556 Pompeium
744 1495 1006 1557 reliquisse
1042 1495 1264 1551 dicebat,
1301 1495 1436 1558 quod
1473 1498 1649 1552 etiam,
1687 1499 1772 1558 qui
1812 1510 1904 1542 vm

416 1567 533 1614 Idus
552 1567 684 1614 illinc
701 1567 919 1630 profecti
939 1576 1104 1625 erant,
1122 1569 1427 1616 nuntiabant
1443 1584 1455 1624 ;
1472 1569 1556 1615 illa
1575 1585 1694 1616 vero
1713 1585 1904 1626 omnes,

412 1644 463 1687 in
489 1642 667 1704 quibus
695 1644 852 1688 etiam
877 1641 1153 1705 Crassipes,
1180 1646 1264 1706 qui
1289 1659 1382 1705 pro
1407 1659 1497 1690 sua
1521 1643 1795 1706 prudentia
1819 1660 1906 1707 po·

411 1718 512 1762 tuit
546 1715 833 1771 attendere,
866 1732 1123 1763 sermones
1157 1720 1398 1774 minaces,
1430 1720 1657 1764 inimicos
1692 1720 1908 1780 optima-

412 1792 558 1844 tium,
604 1792 990 1852 municipiorum
1042 1789 1231 1846 hostes,
1272 1806 1438 1837 meras
1492 1794 1906 1854 proscriptiones,

415 1879 577 1909 meros
625 1862 811 1918 Sullas3
872 1880 1002 1927 quae
1052 1864 1326 1912 Lucceium
1367 1864 1520 1928 loqui,
1564 1881 1696 1928 quae
1739 1871 1903 1912 totam

415 1936 699 1993 Graeciam,
718 1953 847 2000 quae
867 1954 988 1984 vero
1006 1937 1394 2001 Theophanem!
1462 1938 1530 1985 Et
1548 1945 1724 1985 tamen
1742 1942 1902 1985 omnis

412 2026 525 2072 spes
540 2010 714 2057 salutis
730 2014 780 2056 in
795 2011 889 2057 illis
907 2018 1004 2068 est,
1019 2019 1073 2059 et
1089 2028 1184 2075 ego
1200 2012 1395 2058 excubo
1410 2015 1577 2058 animo
1592 2028 1685 2058 nec
1698 2019 1900 2074 partem

413 2083 566 2130 ullam
594 2088 736 2146 capio
767 2087 951 2147 quietis
983 2093 1055 2141 ct,
1086 2092 1143 2132 ut
1172 2084 1261 2131 has
1299 2092 1469 2148 pestes
1502 2083 1757 2148 effugiam,
1787 2102 1902 2132 cum

412 2157 752 2204 dissimillimis
788 2162 949 2205 nostri
986 2175 1095 2206 esse
1130 2160 1302 2222 cupio!
1371 2158 1506 2217 Quid
1542 2161 1677 2205 enim
1710 2166 1770 2205 tu
1805 2159 1902 2206 illic

413 2229 714 2293 Scipionem,
736 2232 857 2294 quid
880 2232 1142 2289 Faustum,
1164 2232 1286 2296 quid
1308 2231 1557 2280 Libonem
1577 2236 1902 2295 praetermis-

412 2320 585 2350 surum
621 2304 824 2351 sceleris
863 2312 1029 2367 putas,
1068 2322 1283 2368 quorum
1320 2306 1599 2353 creditores
1636 2309 1902 2354 convenire

413 2377 682 2424 dicuntur?
702 2378 823 2441 quid
841 2395 924 2425 eos
945 2386 1136 2435 autem,
1154 2396 1270 2426 cum
1288 2383 1518 2435 vicerint,
1535 2382 1588 2425 in
1604 2382 1737 2426 cives
1757 2378 1901 2427 effec-

414 2457 551 2496 turos
569 2450 586 2496 ?
603 2467 754 2513 quam
768 2468 886 2498 vero
900 2455 1210 2518 μικροψυχίαν
1228 2451 1388 2499 Gnaei
1403 2454 1563 2499 nostri
1579 2452 1724 2499 esse?
1765 2453 1900 2500 Nun-

413 2527 544 2638 tia6nt
562 2525 855 2588 Aegyptum
873 2533 925 2571 et
944 2526 1182 2572 Arabiam
1201 2527 1445 2588 εὐδαίμονα
1462 2533 1515 2572 et
1532 2529 1901 2591 Μεσοποταμίαν

416 2606 472 2652 ²3
