1988 3008
654 247 939 296 MARCUS
982 246 1285 296 TULLIUS
1329 247 1581 295 CICERO

371 385 471 435 tur,
498 377 589 425 sed
613 384 753 424 certe
781 377 1037 423 abeamus.
1106 375 1331 423 Sciemus
1358 379 1510 432 enim,
1536 375 1588 423 id
1614 375 1750 440 quod
1776 391 1861 424 ex-

371 462 588 519 spectas,
616 454 738 517 quid
763 453 995 500 Brundisi
1022 460 1193 500 actum
1219 456 1299 500 sit.

435 532 585 579 Bonis
608 534 722 578 viris
746 530 882 594 quod
904 533 974 578 ais
997 531 1215 594 probari,
1238 547 1368 594 quae
1393 529 1556 577 adhue
1578 529 1862 586 fecerimus,

372 612 586 672 scirique
610 609 675 655 ab
696 611 756 654 iis
779 625 869 655 nos
893 624 994 655 non
1016 607 1287 671 profectOS‚
1312 607 1457 654 valde
1481 607 1698 671 gaudeo,
1722 609 1761 654 si
1786 613 1864 654 est

373 703 505 733 nunc
531 685 659 733 ullus
686 684 943 750 gaudendi
969 684 1121 732 locus.
1192 684 1272 730 De
1302 684 1520 731 Lentulo
1547 684 1864 748 investigabo

372 763 678 827 diligentius.
750 762 811 809 Id
841 761 1077 808 mandavi
1111 759 1400 817 Philotimo,
1432 759 1620 807 homini
1655 760 1772 807 forti
1807 777 1864 807 ac

371 843 582 887 nimium
607 842 856 903 optimati.

435 918 738 964 Extremum
761 923 856 972 est,
879 923 937 963 ut
958 916 1051 963 tibi
1075 922 1434 979 argumentum
1457 915 1523 962 ad
1544 915 1865 963 scribendum

373 994 586 1042 fortasse
618 997 720 1040 iam
754 993 900 1040 desit.
971 992 1078 1040 Nec
1112 996 1247 1039 enim
1281 992 1377 1039 alia
1411 992 1474 1039 de
1508 1009 1562 1040 re
1595 1009 1729 1039 nunc
1765 992 1866 1040 ulla

372 1073 519 1119 scribi
556 1078 745 1136 potest,
783 1077 838 1118 et
874 1070 938 1117 de
975 1069 1069 1117 hac
1107 1070 1229 1133 quid
1265 1073 1366 1116 iam
1404 1069 1616 1133 amplius
1653 1072 1863 1117 inveniri

372 1149 578 1213 potest?
646 1148 763 1205 Sed,
789 1151 1027 1212 quoniam
1053 1154 1106 1194 et
1129 1150 1390 1211 ingenium
1414 1146 1709 1210 suppeditat
1734 1146 1867 1210 (dico

371 1225 679 1282 mehercule,
698 1233 755 1272 ut
774 1225 958 1287 sentio)
979 1231 1032 1271 et
1052 1241 1207 1281 amor,
1227 1241 1327 1287 quo
1346 1231 1400 1271 et
1417 1241 1590 1271 meum
1606 1227 1866 1289 ingenium

372 1306 630 1359 incitatur,
656 1319 831 1366 perge,
858 1309 915 1348 ut
941 1301 1082 1358 facis,
1109 1308 1163 1348 et
1189 1302 1369 1358 scribe,
1396 1308 1645 1364 quantum
1671 1308 1832 1365 potes.

437 1380 498 1427 In
539 1380 749 1443 Epirum
792 1379 929 1442 quod
973 1395 1055 1425 me
1099 1395 1198 1425 non
1240 1381 1439 1435 invitas,
1482 1381 1723 1426 comitem
1763 1395 1864 1425 non

371 1457 659 1513 molestum,
675 1457 966 1504 subirascor.
1036 1454 1137 1502 Sed
1151 1455 1276 1502 vale.
1346 1454 1494 1511 Nam,
1511 1462 1568 1502 ut
1583 1455 1676 1501 tibi
1693 1454 1866 1502 ambu-

376 1533 600 1590 landum,
631 1533 942 1597 ungendum,
974 1535 1042 1578 sic
1072 1531 1194 1578 mihi
1226 1531 1590 1579 dormiendum.
1661 1531 1866 1579 Etenim

374 1610 578 1658 litterae
601 1617 721 1657 tuae
744 1609 865 1656 mihi
889 1626 1119 1656 somnum
1143 1608 1441 1657 attulerunt.

1057 1833 1189 1879 VIIa

613 1950 793 1982 BALBUS
829 1950 891 1980 ET
924 1949 1098 1981 OPPIUS
1134 1949 1170 1980 S.
1209 1949 1255 1979 D.
1293 1948 1346 1980 M.
1385 1948 1629 1980 CICERONI.

22 2034 120 2083 Ser.
153 2035 327 2084 Romae
442 2035 643 2084 Nedum
687 2035 947 2082 hominum
988 2033 1271 2089 humilium,
1314 2041 1372 2080 ut
1414 2049 1503 2080 nos
1547 2050 1733 2088 sumus,
1778 2031 1866 2080 sed

30 2102 75 2150 V
71 2102 103 2149 Ῑ
121 2110 200 2150 aut
229 2103 274 2151 V
380 2118 535 2162 etiam
557 2112 976 2176 amplissimorum
995 2114 1213 2158 virorum
1232 2109 1438 2157 consilia
1458 2126 1521 2156 ex
1544 2116 1748 2164 eventu,
1769 2125 1869 2156 non

22 2168 95 2216 Id·
127 2168 277 2216 Mart·
309 2187 352 2216 a·
380 2209 443 2239 ex
464 2190 725 2239 voluntate
747 2205 777 2235 a
796 2188 1048 2252 plerisque
1068 2188 1267 2252 probari
1288 2186 1466 2234 solent.
1533 2185 1727 2232 Tamen
1746 2184 1864 2232 freti

24 2236 119 2287 705
379 2276 470 2316 tua
491 2267 828 2321 humanitate,
852 2264 989 2328 quod
1010 2267 1322 2312 verissimum
1346 2264 1488 2310 nobis
1512 2262 1780 2319 videbitur,
1804 2261 1868 2309 de

380 2362 457 2402 eo,
496 2343 631 2408 quod
669 2342 734 2390 ad
770 2359 859 2389 nos
897 2343 1154 2404 scripsisti,
1192 2341 1283 2387 tibi
1323 2339 1583 2386 consilium
1621 2338 1865 2386 dabimus.

379 2421 529 2481 Quod
557 2423 595 2467 si
624 2436 724 2466 non
753 2418 907 2465 fuerit
935 2417 1173 2482 prudens,
1202 2424 1256 2464 at
1283 2423 1423 2464 certe
1453 2416 1517 2463 ab
1546 2418 1740 2479 optima
1769 2414 1867 2462 fide

379 2506 433 2546 et
457 2500 649 2561 optimo
675 2499 841 2542 animo
865 2494 1221 2558 proficiscetur.

442 2574 562 2631 Nos,
601 2577 641 2621 si
679 2573 747 2630 id,
787 2571 923 2637 quod
960 2578 1130 2619 nostro
1170 2570 1354 2618 iudicio
1394 2568 1661 2617 Caesarem
1701 2568 1868 2616 facere

380 2665 468 2711 206
