1988 3008
99 703 196 751 Ser.
230 701 427 749 Formiis
459 746 463 749 ,

102 770 228 818 XIV
260 769 320 815 K.

102 837 250 884 Mart.
285 853 328 883 a.

102 906 194 955 705

726 272 1006 321 MARCUS
1051 271 1350 319 TULLIUS
1396 270 1645 319 CICERO

1130 484 1240 530 XIb

631 610 683 640 M.
720 609 892 639 CICERO
929 609 1033 639 IMP.
1071 607 1108 638 S.
1146 608 1192 637 D.
1229 607 1304 637 CN.
1343 606 1511 638 MAGNO
1546 605 1739 637 PROCOS.

513 703 573 749 A.
606 702 653 748 d.
688 718 747 748 xv
782 701 994 747 Kalend.
1031 699 1243 746 Martias
1276 699 1482 744 Formiis
1512 701 1683 761 accepi
1713 705 1827 744 tuas
1849 696 1930 743 lit-

451 785 612 831 teras3
648 793 710 822 ex
732 777 911 838 quibus
933 791 1010 830 ea,
1032 790 1161 837 quae
1182 776 1233 819 in
1255 790 1374 837 agro
1396 772 1580 820 Piceno
1600 778 1747 836 gesta
1768 778 1930 826 erant,

451 853 659 914 cognovi
686 849 1021 896 commodiora
1049 865 1156 895 esse
1183 847 1360 904 multo,
1388 863 1540 911 quam
1565 854 1624 894 ut
1651 853 1762 893 erat
1787 847 1930 892 nobis

453 928 758 980 nuntiatum,
781 923 1066 986 Vibullique
1090 926 1331 970 virtutem
1353 922 1752 984 industriamque
1774 920 1932 967 liben-

450 1008 530 1047 ter
553 1002 746 1064 agnovi.
1763 1036 1765 1038 ,

518 1075 618 1121 Nos
660 1073 821 1120 adhuc
861 1076 911 1119 in
953 1089 1014 1119 ea
1053 1089 1156 1128 ora,
1196 1072 1282 1118 ubi
1322 1072 1595 1134 praepositi
1634 1085 1822 1125 sumus,
1861 1071 1934 1115 ita

453 1149 654 1204 fuimus,
677 1155 734 1194 ut
756 1164 936 1194 navem
959 1154 1188 1210 paratam
1210 1145 1525 1192 haberemus.
1593 1144 1671 1192 Ea
1693 1147 1828 1191 enim
1850 1160 1935 1190 au-

453 1224 714 1271 diebamus
743 1229 795 1268 et
824 1238 884 1268 ea
910 1222 1224 1277 verebamur,
1252 1227 1326 1276 ut,
1355 1219 1708 1283 quodcumque
1735 1225 1794 1266 tu
1820 1234 1934 1265 con-

454 1298 617 1344 silium
651 1299 884 1359 cepisses,
919 1296 970 1342 id
1005 1296 1147 1343 nobis
1182 1293 1590 1358 persequendum
1623 1299 1933 1358 putaremus.

455 1367 616 1427 Nunc,
644 1374 880 1434 quoniam
908 1373 1210 1417 auctoritate
1239 1376 1292 1416 et
1319 1368 1522 1415 consilio
1549 1375 1639 1415 tuo
1664 1370 1716 1414 in
1743 1383 1831 1431 spe
1859 1366 1936 1413 fir-

455 1449 609 1492 miore
628 1462 814 1501 sumus,
832 1448 870 1491 si
887 1447 1049 1491 teneri
1066 1460 1210 1507 posse
1227 1451 1377 1507 putas
1392 1443 1712 1489 Tarracinam
1730 1448 1783 1489 et
1799 1458 1936 1498 oram

457 1520 777 1575 maritimam,
810 1522 860 1565 in
894 1535 954 1565 ea
985 1519 1219 1574 manebo,
1253 1520 1348 1564 etsi
1380 1516 1630 1580 praesidia
1660 1519 1712 1562 in
1744 1514 1938 1579 oppidis

458 1593 593 1640 nulla
616 1600 747 1639 sunt.
817 1593 978 1639 Nemo
1003 1596 1137 1639 enim
1161 1595 1317 1639 nostri
1341 1592 1524 1638 ordinis
1547 1594 1598 1637 in
1621 1590 1696 1637 his
1719 1589 1837 1637 locis
1862 1597 1939 1637 est

458 1675 660 1732 praeter
687 1667 759 1714 M.
787 1667 1022 1730 Eppium,
1047 1683 1199 1730 quem
1224 1683 1319 1730 ego
1346 1666 1632 1712 Menturnis
1658 1682 1766 1712 esse
1791 1664 1939 1720 volui,

460 1742 751 1805 vigilantem
771 1740 1024 1787 hominem
1045 1748 1098 1787 et
1117 1741 1433 1787 industrium.
1492 1739 1621 1786 Nam
1642 1739 1699 1786 L.
1719 1738 1939 1802 Torqua-

459 1823 587 1871 tum,
617 1819 775 1862 virum
806 1815 989 1862 fortem
1021 1823 1074 1862 et
1104 1832 1218 1861 cum
1249 1818 1571 1869 auctoritate,
1603 1814 1810 1860 Formiis
1840 1830 1939 1860 non

460 1889 720 1945 habemus,
746 1890 810 1936 ad
833 1897 887 1936 te
910 1889 1194 1952 profectum
1219 1891 1532 1936 arbitramur.
1853 1949 1856 1953 λ

525 1965 633 2028 Ego
669 1968 886 2020 omnino,
922 1972 979 2011 ut
1014 1968 1239 2027 proxime
1275 1965 1367 2011 tibi
1403 1963 1680 2027 placuerat,
1715 1961 1940 2026 Capuam

461 2042 574 2095 veni
601 2056 659 2085 eo
686 2043 792 2101 ipso
818 2039 916 2094 die,
944 2056 1042 2102 quo
1067 2046 1124 2085 tu
1149 2039 1320 2085 Teano
1346 2037 1563 2084 Sidicino
1590 2053 1643 2084 es
1667 2036 1937 2100 profectus.

461 2113 700 2159 Volueras
727 2116 859 2159 enim
883 2130 965 2159 me
990 2130 1103 2159 cum
1131 2112 1204 2161 M.
1232 2112 1465 2159 Considio
1489 2127 1579 2174 pro
1603 2118 1835 2174 praetore
1858 2111 1942 2158 illa

463 2190 667 2250 negotia
702 2189 848 2232 tueri.
918 2186 1044 2233 Cum
1081 2203 1140 2233 eo
1175 2189 1439 2241 venissem,
1475 2184 1573 2232 vidi
1608 2185 1664 2231 T.
1702 2186 1941 2248 Ampium

464 2261 701 2307 dilectum
729 2259 915 2306 habere
942 2260 1341 2324 diligentissime,
1368 2262 1431 2307 ab
1458 2277 1517 2307 eo
1543 2263 1769 2323 accipere
1797 2259 1947 2323 Libo-¹

465 2351 598 2400 nem,
620 2350 814 2399 summa
835 2337 959 2380 item
982 2334 1245 2398 diligentia
1268 2342 1321 2381 et
1343 2338 1393 2380 in
1416 2334 1499 2380 illa
1521 2333 1713 2380 colonia
1734 2336 1946 2380 auctori-

464 2415 589 2455 tate.
659 2408 750 2453 Fui
775 2407 996 2470 Capuae,
1020 2409 1187 2471 quoad
1209 2408 1450 2455 consules.
1521 2408 1730 2464 Iterum,
1754 2415 1811 2454 ut
1835 2415 1951 2454 erat.

468 2482 688 2527 edictum
706 2498 734 2527 a
750 2481 1050 2538 consulibus,
1066 2485 1179 2528 veni
1198 2482 1424 2545 Capuam
1440 2482 1504 2528 ad
1521 2482 1688 2529 Nonas
1706 2481 1952 2532 Februar..

467 2556 593 2601 Cum
614 2555 819 2601 fuissem
841 2556 1080 2612 triduum,
1102 2559 1267 2620 recepi
1290 2573 1371 2603 me
1396 2557 1630 2603 Formias.
1897 2551 1900 2553 Δ
1923 2543 1927 2547 ’

469 2675 555 2735 136
