1988 3008
738 216 1021 264 MARCUS
1065 217 1368 265 TULLIUS
1414 217 1666 266 CICERO

453 347 494 391 si
515 344 663 392 aliter
681 347 942 400 sentirem,
963 361 1073 391 esse
1092 362 1208 391 cum
1228 344 1469 408 Pompeio
1485 360 1497 400 ;
1516 362 1599 393 me
1619 353 1809 403 autem,
1829 349 1947 411 quia

453 455 569 485 cum
594 438 853 485 lictoribus
882 441 1066 485 invitus
1094 454 1369 494 cursarem,
1396 439 1573 486 abesse
1601 439 1746 496 velle,
1774 456 1866 487 nec
1893 439 1945 487 id

452 535 617 594 ipsum
635 539 835 579 certum
858 534 1015 579 etiam
1034 548 1167 579 nunc
1186 530 1396 589 habere,
1416 532 1547 590 vide,
1567 549 1719 597 quam
1737 533 1803 580 ad
1820 532 1946 582 haec

452 630 776 688 παραινετικῶς
792 641 803 672 :

519 717 548 735 “
569 719 734 765 Tuum
761 718 1021 766 consilium
1051 736 1202 783 quam
1231 736 1407 767 verum
1437 727 1530 768 est.
1600 719 1748 778 Nam,
1777 723 1862 785 qui
1889 737 1944 770 se

453 813 677 860 medium
704 829 814 860 esse
841 813 966 869 vult,
993 817 1046 859 in
1071 816 1238 876 patria
1265 821 1457 870 manet,
1486 817 1571 878 qui
1598 814 1944 877 proficiscitur,

453 906 640 970 aliquid
676 906 740 953 de
776 906 938 953 altera
973 914 1089 954 utra
1124 914 1271 970 parte
1306 907 1528 955 iudicare
1564 907 1778 955 videtur.
1843 906 1943 955 Sed

454 1017 548 1063 ego
574 1004 614 1047 is
643 1017 743 1047 non
769 1017 899 1056 sum,
928 1004 1012 1064 qui
1039 1008 1270 1047 statuere
1298 1001 1531 1058 debeam,
1558 1005 1667 1048 iure
1696 1005 1803 1065 quis
1830 1019 1943 1065 pro-

453 1094 702 1141 ficiscatur
725 1109 913 1150 necne3
936 1101 1109 1157 partes
1133 1093 1255 1140 mihi
1280 1094 1466 1142 Caesar
1489 1094 1577 1142 has
1601 1098 1856 1158 imposuit,
1877 1105 1943 1144 ne

452 1204 604 1252 quem
644 1190 846 1235 omnino
887 1187 1148 1235 discedere
1191 1204 1254 1235 ex
1297 1188 1445 1235 Italia
1484 1196 1707 1251 paterer.
1775 1189 1943 1249 Quare

451 1285 591 1345 parvi
620 1281 894 1329 refert-me
924 1282 1140 1344 probare
1171 1285 1533 1346 cogitationem
1562 1290 1722 1340 tuam,
1751 1286 1791 1331 si
1822 1282 1943 1331 nihil

450 1383 626 1423 tamen
653 1375 747 1422 tibi
775 1379 1042 1422 remittere
1072 1392 1289 1438 possum.
1360 1375 1442 1423 Ad
1471 1375 1741 1423 Caesarem
1768 1380 1940 1425 mittas

450 1486 632 1517 censeo
661 1477 714 1517 et
741 1469 805 1516 ab
834 1486 894 1516 eo
921 1468 1014 1516 hoc
1041 1477 1203 1532 petas.
1274 1469 1387 1516 Non
1414 1470 1610 1526 dubito,
1638 1473 1759 1534 quin
1785 1474 1942 1534 impe-

446 1571 673 1611 traturus
716 1566 800 1620 sis,
843 1580 958 1610 cum
1002 1567 1305 1626 praesertim
1347 1571 1402 1610 te
1446 1567 1698 1611 amicitiae
1740 1571 1942 1612 nostrae

449 1660 699 1704 rationem
722 1656 1015 1704 habiturum
1041 1674 1151 1704 esse
1176 1655 1510 1720 pollicearis.''

515 1751 687 1798 Habes
717 1753 955 1814 σκυτάλην
978 1753 1261 1814 Λακωνικήν.
1330 1751 1549 1798 Omnino
1579 1755 1827 1815 excipiam
1854 1752 1939 1801 ho-

450 1848 654 1892 minem.
715 1844 842 1892 Erat
862 1851 1036 1892 autem
1054 1860 1085 1891 v
1105 1844 1274 1892 Nonas
1295 1852 1536 1892 venturus
1557 1850 1774 1910 vesperi,
1792 1847 1844 1894 id
1863 1853 1941 1895 est

449 1938 615 1987 hodie.
667 1938 789 1986 Cras
806 1941 964 2002 igitur
981 1938 1045 1985 ad
1060 1955 1143 1986 me
1158 1938 1374 1986 fortasse
1390 1942 1576 1986 veniet.
1639 1939 1940 2004 Temptabo‚

450 2033 683 2080 audiam:
740 2031 862 2078 nihil
897 2048 1202 2095 properare;
1258 2035 1525 2079 missurum
1562 2033 1627 2080 ad
1654 2033 1936 2082 Caesarem.

449 2127 592 2173 Clam
618 2143 785 2190 agam,
810 2143 924 2172 cum
943 2129 1252 2189 paucissimis
1278 2126 1459 2173 alicubi
1475 2126 1782 2184 occultabor,
1798 2135 1939 2175 certe

448 2219 564 2266 hinc
595 2223 703 2266 istis
735 2222 1041 2266 invitissimis
1075 2219 1300 2277 evolabo,
1332 2227 1487 2283 atque
1519 2223 1714 2267 utinam
1746 2221 1810 2267 ad
1843 2221 1938 2268 Cu-

447 2314 667 2360 rionem!
735 2315 887 2370 Σύνες,
913 2315 939 2362 ὅ
965 2336 1037 2362 τοι
1067 2315 1210 2378 λέγω.
1283 2313 1501 2378 Magnus
1537 2313 1677 2361 dolor
1711 2317 1936 2362 accessit.

449 2407 707 2454 Efficietur
732 2406 921 2470 aliquid
944 2407 1154 2471 dignum
1178 2407 1336 2454 nobis.

517 2503 755 2564 Δυσουρία
778 2507 869 2548 tua
892 2499 1014 2547 mihi
1031 2500 1176 2549 valde
1194 2500 1421 2549 molesta.
1493 2501 1725 2561 Medere,
1740 2501 1936 2559 amabo,

448 2627 537 2673 320
