1988 3008
78 1650 174 1698 Ser.
200 1650 245 1697 r'n

79 1717 260 1765 Arcano
290 1718 334 1765 V
333 1717 389 1764 II

79 1783 148 1830 Id.
175 1783 287 1848 Apr.

77 1867 119 1896 a.
146 1851 238 1901 705

710 155 993 203 MARCUS
1037 156 1337 205 TULLIUS
1383 158 1635 208 CICERO

490 287 777 345 Λαλαγεῦσα
810 286 908 329 iam
941 283 1102 340 adest,
1136 292 1189 331 et
1221 288 1414 332 animus
1446 287 1608 343 ardet,
1640 304 1806 352 neque
1838 296 1916 337 est

430 375 717 434 quicquam,
742 389 840 435 quo
865 379 918 419 et
942 390 1056 436 qua.
1125 373 1226 421 Sed
1257 374 1383 422 haec
1406 383 1578 423 nostra
1601 380 1698 425 erit
1720 395 1840 425 cura
1863 386 1916 427 et

431 465 720 524 peritorum.
788 462 863 509 Tu
883 469 1075 519 tamen,
1096 464 1230 527 quod
1250 468 1456 528 poteris,
1476 473 1534 513 ut
1553 465 1716 514 adhuc
1735 467 1919 526 fecisti,

430 567 518 597 nos
546 551 759 598 consiliis
788 553 993 599 iuvabis.
1064 553 1162 600 Res
1190 563 1308 602 sunt
1333 556 1726 619 inexplicabiles.
1799 558 1918 605 For·

431 647 585 687 tunae
617 648 734 688 sunt
763 643 1129 690 committenda
1158 647 1339 691 omnia.
1408 644 1525 693 Sine
1556 663 1644 710 spe
1674 664 1913 695 conamur

432 730 544 777 ulla.
617 730 801 778 Melius
835 735 872 779 si
909 733 1028 796 quid
1063 734 1320 791 acciderit,
1353 737 1659 783 mirabimur.
1727 738 1917 802 Diony-

431 823 557 867 sium
589 821 774 868 nollem
803 822 867 868 ad
890 839 971 869 me
996 823 1308 886 profectum3
1349 825 1412 872 de
1437 842 1536 888 quo
1560 826 1624 873 ad
1649 843 1732 874 me
1756 827 1918 874 Tullia

429 927 544 956 mea
569 914 780 974 scripsit.
849 911 950 959 Sed
975 920 1028 960 et
1054 921 1255 977 tempus
1282 915 1500 962 alienum
1527 923 1622 973 est,
1649 923 1702 964 et
1727 915 1916 964 homini

430 1017 528 1047 non
582 1004 743 1048 amico
796 1009 967 1049 nostra
1019 1004 1350 1061 incommoda,
1402 1012 1550 1052 tanta
1601 1010 1917 1070 praesertim,

429 1091 716 1152 spectaculo
740 1108 848 1139 esse
871 1092 1084 1149 nollem3
1124 1097 1201 1141 cui
1225 1101 1278 1141 te
1301 1111 1415 1143 meo
1437 1098 1638 1144 nomine
1661 1099 1917 1144 inimicum

431 1196 538 1227 esse
565 1181 690 1228 nolo.

1136 1430 1214 1476 III

915 1551 1089 1582 CICERO
1124 1552 1297 1583 ATTICO
1331 1553 1428 1584 SAL.

494 1638 634 1686 Cum.
673 1640 806 1703 quod
839 1643 1127 1698 scriberem,
1160 1643 1308 1706 plane
1342 1643 1461 1690 nihil
1496 1643 1751 1692 haberem.
1787 1644 1913 1693 haec

431 1737 602 1776 autem
620 1731 810 1793 reliqua
828 1739 1014 1788 essent,
1032 1749 1161 1795 quae
1178 1736 1303 1780 scire
1320 1750 1575 1797 cuperem,
1591 1734 1914 1798 profectusne

430 1827 580 1876 esset,
614 1837 713 1883 quo
746 1824 794 1866 in
828 1829 966 1868 statu
999 1823 1174 1869 urbem
1209 1823 1510 1887 reliquisset,
1542 1827 1593 1870 in
1626 1827 1733 1888 ipsa
1769 1825 1917 1872 Italia

429 1927 580 1974 quem
610 1913 790 1974 cuique
822 1914 1009 1975 regioni
1042 1919 1131 1959 aut
1162 1916 1367 1977 negotio
1395 1913 1741 1977 praefecisset,
1772 1918 1916 1979 ecqui

429 2007 599 2047 essent
628 2001 691 2047 ad
723 1999 1017 2065 Pompeium
1049 2010 1101 2049 et
1131 2003 1195 2049 ad
1218 2003 1446 2051 consules
1477 2020 1540 2051 ex
1575 2012 1780 2052 senatus
1803 2022 1916 2052 con-

429 2090 560 2137 sulto
587 2090 650 2137 de
677 2107 803 2154 pace
832 2091 1005 2156 legati,
1031 2109 1146 2139 cum
1175 2096 1328 2156 igitur
1354 2092 1480 2140 haec
1507 2096 1632 2141 scire
1659 2111 1916 2158 cuperem,

427 2179 602 2227 dedita
632 2197 786 2244 opera
814 2180 903 2228 has
935 2182 998 2228 ad
1028 2189 1082 2229 te
1113 2182 1308 2230 litteras
1338 2186 1463 2230 misi.
1535 2183 1733 2231 Feceris
1762 2187 1917 2249 igitur

427 2270 689 2317 commode
725 2270 948 2334 mihique
975 2279 1196 2336 gratum,
1224 2275 1263 2320 si
1291 2289 1374 2321 me
1402 2273 1466 2320 de
1494 2272 1568 2320 his
1601 2275 1767 2330 rebus,
1795 2282 1850 2322 et
1875 2278 1915 2322 si

429 2359 550 2422 quid
574 2363 669 2406 erit
693 2360 844 2415 aliud,
869 2361 1004 2424 quod
1027 2365 1152 2409 scire
1177 2379 1301 2426 opus
1325 2366 1406 2418 sit,
1430 2361 1609 2410 feceris
1631 2367 1912 2412 certiorem.

429 2449 540 2511 Ego
567 2452 616 2494 in
643 2450 842 2497 Arcano
870 2454 1117 2515 opperior,
1145 2451 1265 2499 dum
1292 2455 1388 2499 ista
1413 2469 1673 2517 cognosco.

431 2538 518 2595 278
