1988 3008
692 267 974 315 MARCUS
1021 267 1322 315 TULLIUS
1367 267 1617 315 CICERO

407 404 642 461 rogatum
663 413 790 453 esse,
812 403 869 443 ut
888 397 1131 442 scriberet
1152 395 1217 442 ad
1235 412 1336 451 me,
1356 402 1414 442 ut
1434 412 1597 443 essem
1617 396 1682 443 ad
1701 397 1895 452 urbem,

407 472 530 518 nihil
558 474 603 518 ei
631 488 713 518 me
740 473 933 534 gratius
960 469 1128 516 facere
1155 485 1316 532 posse.
1386 469 1528 516 Haec
1555 470 1719 516 verbis
1746 470 1896 532 pluri-

406 548 515 591 mis.
587 543 822 590 Intellexi
847 560 910 589 ex
934 542 1131 589 dierum
1153 545 1367 596 ratione,
1390 549 1449 589 ut
1470 545 1688 605 primum
1712 543 1776 590 de
1800 543 1896 590 dis-

406 634 550 665 cessu
577 624 748 664 nostro
776 616 960 663 Caesar
987 616 1228 671 audisset,
1255 615 1482 663 laborare
1511 633 1628 662 eum
1654 620 1896 680 coepisse,

407 708 471 738 ne
507 707 681 737 omnes
717 691 1022 736 abessemus.
1094 689 1277 752 Itaque
1311 706 1412 735 non
1447 689 1642 745 dubito,
1677 693 1797 753 quin
1833 691 1898 738 ad

407 764 658 820 Pisonem,
687 767 808 827 quin
837 764 902 810 ad
929 763 1157 810 Servium
1184 765 1466 825 scripserit3
1511 763 1635 810 illud
1663 763 1896 820 admiror,

405 855 506 885 non
528 841 693 901 ipsum
717 837 781 884 ad
803 854 885 884 me
909 840 1180 900 scripsisse,
1203 854 1303 883 non
1325 853 1416 900 per
1439 836 1774 894 Dolabellam,
1797 854 1897 884 non

404 929 495 975 per
525 911 751 958 Caelium
782 914 960 974 egisse.
1030 910 1351 973 Quamquam
1381 927 1482 957 non
1512 927 1750 974 aspernor
1778 912 1896 959 Tre-

403 986 511 1032 bati
541 985 766 1039 litteras;
815 1001 845 1030 a
875 1001 973 1047 quo
1004 1000 1086 1030 me
1117 987 1262 1030 unice
1293 983 1434 1048 diligi
1463 987 1580 1031 scio.
1648 984 1896 1048 Rescripsi

405 1059 471 1106 ad
508 1059 803 1105 Trebatium
842 1058 980 1119 (nam
1019 1057 1085 1104 ad
1120 1061 1286 1120 ipsum
1325 1057 1613 1114 Caesarem,
1651 1062 1737 1122 qui
1774 1059 1895 1106 mihi

404 1131 526 1178 nihil
549 1134 845 1194 scripsisset,
869 1131 1042 1193 nolui),
1068 1147 1221 1194 quam
1243 1131 1367 1178 illud
1389 1130 1484 1178 hoc
1506 1138 1737 1195 tempore
1763 1140 1898 1180 esset

404 1206 631 1261 difficile3
679 1222 761 1251 me
792 1212 968 1252 tamen
998 1208 1049 1250 in
1080 1204 1298 1267 praediis
1328 1207 1454 1252 meis
1486 1221 1595 1252 esse
1626 1222 1794 1269 neque
1825 1207 1897 1254 di·

403 1280 594 1327 lectum
632 1279 789 1326 ullum
828 1295 994 1342 neque
1034 1281 1296 1343 negotium
1335 1282 1628 1341 suscepisse.
1699 1279 1759 1326 In
1797 1297 1898 1343 quo

404 1354 610 1417 quidem
648 1354 883 1409 manebo,
922 1353 1044 1400 dum
1083 1369 1196 1416 spes
1234 1355 1372 1415 pacis
1411 1355 1537 1408 erit3
1593 1356 1670 1400 sin
1706 1353 1897 1402 bellum

403 1434 628 1492 geretur,
656 1444 757 1473 non
784 1427 937 1473 deero
965 1426 1124 1473 officio
1151 1442 1246 1473 nec
1273 1426 1513 1490 dignitati
1540 1443 1686 1474 meae
1713 1444 1896 1491 pueros

403 1502 707 1563 ὑπεκθέμενος
748 1503 799 1546 in
842 1500 1123 1547 Graeciam.
1191 1500 1374 1546 Totam
1407 1503 1542 1547 enim
1576 1499 1777 1548 Italiam
1810 1501 1897 1549 fla-

402 1582 663 1639 graturam
677 1573 809 1620 bello
828 1573 1085 1637 intellego.
1153 1573 1375 1620 Tantum
1389 1574 1506 1620 mali
1522 1581 1600 1621 est
1615 1578 1896 1623 excitatum

402 1651 588 1712 partim
620 1664 683 1694 ex
714 1648 970 1710 improbis,
1001 1649 1187 1710 partim
1219 1664 1282 1694 ex
1312 1648 1491 1694 invidis
1521 1649 1726 1695 civibus.
1795 1649 1895 1697 Sed

402 1721 527 1769 haec
561 1723 732 1784 paucis
766 1721 944 1767 diebus
980 1738 1042 1767 ex
1076 1720 1206 1767 illius
1241 1721 1306 1767 ad
1339 1728 1514 1768 nostra
1546 1738 1785 1785 responsa
1818 1740 1893 1770 re-

402 1799 594 1859 sponsis
619 1794 983 1858 intellegentur
1009 1811 1246 1857 quorsum
1273 1812 1483 1841 evasura
1508 1799 1623 1842 sint.
1673 1797 1802 1843 Tum
1830 1797 1893 1844 ad

401 1877 455 1916 te
475 1870 690 1916 scribam
707 1868 868 1931 plura,
887 1871 926 1915 si
946 1872 1044 1915 erit
1061 1868 1251 1915 bellum
1267 1884 1278 1923 3
1316 1872 1391 1915 sin
1410 1873 1571 1916 otium
1590 1877 1680 1917 aut
1699 1870 1718 1900 1
1738 1874 1893 1918 etiam

402 1943 648 1998 indutiae,
677 1949 731 1989 te
761 1945 943 2004 ipsum,
973 1949 1032 1989 ut
1061 1959 1225 2005 spero,
1255 1942 1451 1989 videbo.

464 2017 575 2080 Ego
602 2032 683 2062 1111
711 2016 880 2062 Nonas
909 2015 1074 2072 Febr.,
1102 2032 1201 2079 quo
1228 2016 1310 2062 die
1337 2015 1427 2062 has
1453 2016 1650 2063 litteras
1677 2016 1813 2073 dedi,
1840 2020 1893 2063 in

403 2090 685 2145 Formiano,
719 2106 818 2152 quo
852 2089 1027 2151 Capua
1058 2089 1326 2145 redieram,
1358 2089 1592 2136 mulieres
1627 2097 1889 2153 exspecta-

401 2164 534 2209 bam.
603 2162 797 2221 Quibus
844 2163 1049 2225 quidem
1093 2165 1389 2226 scripseram
1433 2166 1534 2210 tuis
1577 2163 1761 2211 litteris
1807 2165 1891 2212 ad-

401 2240 639 2292 monitus,
671 2243 729 2283 ut
761 2236 951 2283 Romae
984 2244 1265 2283 manerent.
1334 2236 1435 2284 Sed
1467 2237 1616 2284 audio
1647 2241 1890 2285 maiorem

401 2309 657 2372 quendam
708 2312 760 2355 in
812 2311 936 2356 urbe
990 2313 1227 2357 timorem
1280 2326 1404 2357 esse.
1474 2310 1679 2373 Capuae
1733 2311 1889 2359 Nonis

402 2383 547 2429 Febr.
582 2400 690 2430 esse
722 2383 970 2439 volebam,
1001 2386 1119 2446 quia
1148 2383 1377 2431 consules
1407 2387 1671 2431 iusserant.
1739 2385 1891 2444 Quic-

402 2456 523 2518 quid
569 2455 666 2502 hue
715 2459 812 2503 erit
860 2473 889 2502 a
938 2455 1178 2520 Pompeio
1226 2457 1452 2514 allatum,
1500 2461 1674 2505 statim
1723 2459 1788 2506 ad
1834 2467 1888 2507 te

400 2530 613 2575 scribam
641 2537 856 2592 tuasque
885 2530 949 2576 de
977 2534 1085 2577 istis
1111 2532 1262 2578 rebus
1288 2531 1485 2579 litteras
1514 2534 1836 2595 exspectabo.

431 2675 460 2719 6
567 2617 583 2641 ¹
611 2618 750 2656 otium
777 2622 856 2657 aut
884 2619 1044 2670 Tyrrell
1069 2619 1155 2659 and
1181 2619 1365 2660 Purser:
1410 2623 1559 2660 autem
1587 2620 1719 2661 MSS.

402 2687 425 2733 7
