1988 3008
682 252 967 300 MARCUS
1011 251 1315 300 TULLIUS
1361 252 1614 300 CICERO

461 383 542 429 De
576 382 820 445 Dionysio
853 380 986 444 fugit
1017 397 1100 427 me
1134 380 1200 427 ad
1231 387 1285 427 te
1320 387 1475 427 antea
1506 381 1754 435 seribere3
1804 380 1894 428 sed

397 485 472 529 ita
498 484 755 538 constitui,
785 487 1084 544 exspectare
1112 497 1353 544 responsa
1381 480 1628 537 Caesaris,
1655 487 1732 537 ut,
1760 483 1800 527 si
1830 480 1895 528 ad
1985 511 1988 516 -

398 583 577 629 urbem
604 581 901 637 rediremus,
929 582 998 627 ibi
1027 597 1117 627 nos
1146 587 1488 644 exspectaret,
1517 583 1593 627 sin
1621 580 1814 628 tardius
1841 580 1894 628 id

400 682 563 738 fieret,
604 688 716 728 tum
758 697 876 728 eum
917 697 1299 728 arcesseremus.
1369 680 1606 738 Omnino,
1648 681 1771 744 quid
1808 680 1892 728 ille

400 781 567 829 faeere
589 782 826 829 debuerit
845 784 898 827 in
918 788 1092 828 nostra
1110 780 1196 827 illa
1215 780 1356 845 fuga,
1377 780 1499 844 quid
1519 781 1670 828 docto
1690 780 1893 828 homine

401 889 456 929 et
485 884 645 929 amieo
673 882 884 946 dignum
911 880 1084 938 fuerit,
1112 898 1227 928 cum
1254 883 1556 945 praesertim
1582 888 1790 945 rogatus
1819 898 1894 929 es·
1984 887 1988 942 ζ

401 986 499 1035 set,
524 981 643 1035 scio,
669 978 760 1025 sed
783 977 911 1026 haee
937 995 1037 1025 non
1063 981 1210 1025 nimis
1237 981 1447 1041 exquiro
1473 995 1504 1024 a
1529 978 1750 1025 Graecis.
1817 978 1894 1025 Tu

401 1086 576 1126 tamen
609 1079 819 1135 videbis,
853 1081 893 1125 si
927 1080 1042 1135 erit,
1076 1078 1212 1142 quod
1245 1077 1417 1135 nolim,
1451 1078 1796 1135 arcessendus,
1828 1095 1893 1126 ne

400 1179 600 1226 molesti
629 1182 782 1226 simus
809 1181 982 1226 invito.

467 1279 687 1338 Quintus
728 1278 887 1326 frater
926 1279 1140 1335 laborat,
1182 1286 1241 1326 ut
1281 1280 1395 1336 tibi,
1438 1278 1573 1342 quod
1614 1278 1788 1336 debet,
1829 1280 1894 1327 ab

403 1380 625 1444 Egnatio
650 1379 838 1435 solvat3
880 1396 975 1427 nec
999 1379 1221 1443 Egnatio
1246 1379 1477 1426 voluntas
1502 1379 1666 1436 deest,
1689 1396 1784 1427 nee
1807 1397 1894 1444 pa-

401 1497 515 1527 rum
549 1479 771 1543 locuples
808 1486 904 1536 est,
940 1479 1048 1536 sed,
1083 1496 1200 1526 cum
1235 1479 1340 1526 tale
1375 1486 1581 1543 tempus
1617 1483 1699 1537 sit,
1735 1487 1794 1527 'ut
1829 1479 1892 1540 Q.

403 1580 619 1627 Titinius
661 1579 899 1643 (multum
941 1582 1076 1626 enim
1119 1586 1197 1626 est
1238 1580 1518 1642 nobiscum)
1560 1582 1799 1628 viaticum
1839 1597 1894 1628 se

403 1687 562 1744 neget
592 1679 781 1727 habere
814 1679 1052 1743 idemque
1086 1680 1398 1727 debitoribus
1431 1682 1531 1727 suis
1564 1679 1893 1738 denuntiarit,

404 1787 463 1827 ut
494 1780 675 1827 eodem
705 1780 911 1827 faenore
942 1787 1227 1836 uterentur,
1259 1787 1414 1843 atque
1445 1779 1540 1827 hoc
1569 1780 1707 1827 idem
1738 1784 1894 1828 etiam

405 1880 463 1927 L.
496 1880 651 1944 Ligus
681 1879 859 1927 fecisse
889 1880 1104 1937 dicatur,
1133 1897 1228 1927 nec
1257 1879 1351 1927 hoc
1379 1887 1610 1944 tempore
1641 1888 1730 1928 aut
1759 1881 1894 1929 domi

404 1997 635 2028 nummos
661 1980 881 2039 Quintus
905 1979 1096 2028 habeat
1121 1987 1210 2028 aut
1236 1983 1442 2044 exigere
1468 1981 1532 2028 ab
1557 1981 1778 2045 Egnatio
1804 1989 1894 2029 aut

405 2097 660 2128 versuram
692 2097 906 2144 usquam
938 2079 1106 2128 faeere
1138 2083 1313 2144 possit,
1345 2083 1557 2128 miratur
1588 2087 1642 2128 te
1674 2098 1776 2128 non
1806 2081 1893 2129 ha-

404 2168 571 2214 buisse
619 2170 869 2214 rationem
917 2166 1064 2214 huius
1113 2167 1344 2231 publicae
1394 2166 1715 2215 difficultatis.
1783 2169 1893 2232 Ego

406 2274 597 2323 autem,
622 2270 718 2314 etsi
742 2267 866 2314 illud
889 2268 1234 2332 ψευδησιόδειον
1260 2268 1353 2330 (ita
1377 2270 1511 2314 enim
1543 2269 1774 2332 putatur)
1807 2270 1893 2316 ob-

405 2383 547 2414 servo
580 2368 673 2430 μηδ
714 2368 886 2430 δίκηνὲ,
917 2371 1218 2431 praesertim
1250 2371 1300 2413 in
1333 2375 1406 2424 te,
1439 2385 1469 2414 a
1501 2384 1600 2430 quo
1633 2367 1755 2414 nihil
1787 2385 1894 2415 um-

404 2483 557 2530 quam
578 2467 679 2514 vidi
701 2474 896 2515 temere
919 2467 1044 2525 fieri,
1065 2475 1240 2515 tamen
1260 2467 1390 2515 illius
1412 2467 1618 2532 querela
1638 2469 1890 2516 movebar.

404 2567 514 2613 Hoc
542 2567 779 2632 quicquid
806 2574 902 2625 est,
927 2575 982 2615 te
1009 2571 1134 2615 seire
1161 2567 1308 2616 volui.

402 2657 461 2700 80
