2014 3008
751 211 1036 259 MARCUS
1079 211 1382 260 TULLIUS
1428 212 1680 260 CICERO

465 348 614 405 gatus
643 357 744 388 non
773 340 957 396 fecisti,
987 340 1191 387 consilio
1220 342 1352 387 iuva.
1425 339 1539 387 Scio
1568 356 1678 387 rem
1706 339 1963 388 difficilem

469 444 595 484 esse,
620 427 710 475 sed
735 434 793 474 ut
817 429 870 472 in
893 426 1037 473 malis
1063 429 1221 473 etiam
1244 425 1369 473 illud
1393 443 1509 473 mea
1531 429 1703 491 magni
1727 429 1962 483 interest,

468 522 522 560 te
547 521 605 560 ut
629 513 844 560 videam.
914 511 1149 560 Profecto
1176 512 1367 576 aliquid
1389 512 1668 575 profecero,
1692 515 1732 559 si
1757 512 1810 560 id
1834 515 1966 560 acci-

468 601 616 648 derit.
684 600 765 647 De
791 606 1122 657 testamento,
1146 606 1204 646 ut
1228 600 1420 656 scribis,
1444 599 1830 647 animadvertes.

1128 940 1308 988 XXIII

963 1053 1138 1084 CICERO
1170 1053 1346 1084 ATTICO
1379 1052 1477 1083 SAL.

115 1145 214 1193 Ser,
225 1143 449 1194 Brundisi
543 1135 692 1194 Quod
722 1134 787 1182 ad
814 1140 869 1181 te
898 1137 1196 1197 scripseram
1224 1140 1284 1180 ut
1310 1150 1426 1180 cum
1455 1132 1664 1180 Camillo
1693 1135 1968 1180 communi-

123 1213 170 1260 V
165 1212 226 1288 Ῑζ
243 1211 315 1259 Id·
471 1239 634 1278 cares,
657 1222 720 1268 de
745 1238 805 1268 eo
829 1220 1067 1268 Camillus
1089 1219 1212 1266 mihi
1234 1222 1434 1283 scripsit
1454 1226 1509 1267 te
1531 1236 1702 1267 secum
1724 1219 1966 1266 locutum.

116 1279 274 1333 Qmm‘
289 1296 333 1326 a·
350 1281 448 1331 707
468 1310 601 1356 Tuas
620 1309 824 1355 litteras
847 1308 1208 1371 exspectabam
1225 1322 1237 1362 ;
1276 1308 1370 1353 nisi
1391 1305 1515 1353 illud
1536 1305 1742 1369 quidem
1762 1308 1968 1363 mutari,

469 1399 508 1443 si
541 1395 688 1443 aliter
722 1401 800 1441 est
830 1401 884 1441 et
915 1400 1137 1457 oportet,
1166 1410 1267 1440 non
1297 1393 1444 1440 video
1473 1409 1635 1456 posse.
1704 1391 1821 1449 Sed,
1850 1409 1968 1439 cum

469 1484 533 1530 ab
557 1482 639 1528 illo
669 1484 978 1544 accepissem
1002 1480 1217 1536 litteras,
1238 1479 1518 1526 desideravi
1537 1485 1655 1527 tuas,
1676 1479 1794 1542 (etsi
1817 1486 1967 1542 puta-

469 1570 588 1616 bam
624 1575 678 1615 te
715 1571 989 1614 certiorem
1027 1566 1219 1613 factum
1255 1582 1355 1612 non
1389 1565 1536 1627 esse),
1560 1564 1710 1612 modo
1743 1564 1966 1620 valeres;

471 1659 738 1718 scripseras
771 1657 913 1700 enim
945 1661 998 1700 te
1032 1653 1250 1716 quodam
1284 1652 1586 1699 valetudinis
1616 1667 1804 1716 genere
1835 1658 1967 1698 tem-

468 1745 614 1806 ptari.

534 1830 755 1892 Agusius
786 1827 994 1891 quidam
1025 1825 1204 1873 Rhodo
1234 1832 1444 1873 venerat
1477 1841 1569 1871 vm
1601 1824 1721 1872 Idus
1752 1823 1962 1883 Quinct.

473 1916 521 1962 Is
545 1916 814 1962 nuntiabat
839 1913 1087 1972 Quintum
1111 1912 1268 1959 filium
1293 1912 1358 1959 ad
1382 1911 1652 1958 Caesarem
1674 1910 1965 1974 profectum

471 2018 550 2049 1111
580 2001 690 2047 Kal.
720 2001 849 2056 Iun.,
878 1998 1205 2046 Philotimum
1231 1998 1465 2045 Rhodum
1489 1998 1652 2061 pridie
1680 2013 1801 2044 eum
1826 1997 1968 2043 diem

471 2091 682 2144 venisse,
706 2086 893 2134 habere
919 2086 985 2133 ad
1008 2102 1090 2132 me
1116 2085 1326 2132 litteras.
1398 2084 1572 2148 Ipsum
1600 2084 1849 2148 Agusium
1875 2099 1965 2129 au-

471 2175 592 2222 dies.
661 2173 762 2221 Sed
796 2173 988 2220 tardius
1024 2175 1124 2219 iter
1158 2171 1396 2218 faciebat.
1475 2171 1550 2217 Eo
1586 2169 1702 2226 feci,
1738 2176 1796 2216 ut
1831 2169 1963 2236 cele·

471 2264 594 2307 riter
616 2262 757 2307 eunti
780 2260 967 2306 darem.
1037 2258 1173 2317 Quid
1195 2260 1260 2305 sit
1282 2261 1334 2303 in
1357 2260 1415 2303 iis
1437 2257 1638 2312 litteris,
1662 2258 1847 2311 nescio,
1871 2255 1965 2303 sed

471 2346 593 2394 mihi
626 2346 770 2393 valde
804 2345 1022 2404 Quintus
1056 2344 1213 2391 frater
1244 2343 1544 2408 gratulatur.
1619 2342 1874 2406 Equidem
1907 2345 1962 2387 in

472 2449 586 2480 meo
610 2439 756 2478 tanto
780 2439 991 2495 peccato
1015 2430 1136 2477 nihil
1161 2447 1226 2477 ne
1250 2433 1558 2494 cogitatione
1586 2429 1792 2492 quidem
1815 2427 1961 2475 adse-

474 2522 559 2582 qui
581 2536 799 2582 possum,
823 2518 958 2582 quod
979 2517 1101 2563 mihi
1123 2517 1366 2564 tolerable
1388 2519 1546 2580 possit
1569 2532 1693 2563 esse.
1759 2514 1832 2561 Te
1855 2531 1963 2571 oro,

473 2609 563 2664 418
