2014 3008
732 217 1016 266 MARCUS
1061 218 1363 266 TULLIUS
1409 219 1661 268 CICERO

451 347 538 393 abs
563 353 635 402 te,
661 346 796 410 quod
818 353 872 393 te
898 363 1001 403 oro,
1027 363 1090 394 ne
1117 347 1237 410 quid
1263 351 1521 395 existimes
1548 350 1611 395 ab
1636 348 1721 396 illo
1746 348 1938 397 factum

452 453 578 492 esse,
603 454 702 500 quo
725 440 889 483 minus
914 454 1030 483 mea
1052 440 1103 483 in
1126 444 1179 485 te
1203 438 1363 485 officia
1385 446 1694 496 constarent,
1713 443 1940 487 minusve

448 534 502 573 te
535 520 829 591 diligerem,
847 531 1116 591 potiusque
1150 544 1349 591 semper
1381 528 1523 575 illum
1557 536 1818 576 auctorem
1852 547 1936 576 nn-

448 625 582 664 strae
616 621 977 664 coniunctionis
1011 617 1181 674 fuisse,
1216 621 1418 682 meique
1450 622 1645 666 itineris
1679 623 1935 677 comitem,

447 725 547 755 non
580 708 776 755 ducem.
843 707 1013 767 Quare
1046 712 1228 755 ceteris
1262 712 1313 755 in
1345 710 1495 756 rebus
1530 716 1733 757 tantum
1767 713 1813 756 ei
1847 712 1936 757 tri-

447 799 589 854 bues,
636 805 882 862 quantum
922 792 1214 846 humanitas
1260 807 1350 846 tua
1396 802 1720 864 amicitiaque
1767 807 1936 847 vestra

447 888 684 952 postulat.
754 889 863 953 Ego
909 893 955 936 ei
1000 906 1064 936 ne
1111 890 1231 953 quid
1277 890 1412 954 apud
1456 897 1510 937 te
1556 891 1733 947 obsim,
1778 890 1831 937 id
1875 897 1930 938 te

447 978 775 1026 vehementer
798 983 954 1026 etiam
977 987 1131 1043 atque
1157 983 1312 1027 etiam
1334 979 1506 1045 rogo.'’

510 1069 698 1128 Quare,
722 1073 761 1116 si
787 1073 896 1133 quis
919 1087 1214 1134 congressus
1238 1070 1393 1118 fuerit
1417 1070 1538 1117 mihi
1563 1088 1677 1118 cum
1702 1070 1934 1128 Caesare,

448 1163 543 1207 etsi
572 1177 671 1207 non
699 1160 895 1217 dubito,
925 1164 1045 1224 quin
1073 1163 1113 1207 is
1143 1160 1267 1208 lenis
1295 1164 1347 1207 in
1374 1160 1513 1208 illum
1543 1160 1742 1208 futurus
1773 1165 1839 1208 sit
1869 1162 1936 1208 id-

446 1267 545 1314 que
575 1254 675 1297 iam
706 1250 1054 1307 declaraverit,
1086 1268 1182 1315 ego
1211 1258 1386 1298 tamen
1415 1254 1456 1298 is
1487 1268 1589 1308 ero,
1621 1254 1703 1315 qui
1736 1268 1937 1316 semper

445 1341 532 1388 fui.
587 1340 703 1398 Sed,
723 1348 781 1388 ut
802 1341 963 1398 video,
983 1341 1143 1388 multo
1164 1345 1324 1406 magis
1345 1349 1423 1388 est
1442 1342 1587 1388 nobis
1607 1341 1940 1389 laborandum

445 1431 509 1478 de
533 1431 731 1487 Africa;
772 1447 924 1495 quam
948 1432 1153 1496 quidem
1175 1439 1235 1478 tu
1257 1433 1428 1479 scribis
1451 1432 1730 1479 confirmari
1754 1432 1939 1480 cotidie

445 1525 605 1587 magis
644 1522 709 1569 ad
745 1522 1048 1569 condicionis
1088 1538 1233 1585 spem
1273 1539 1425 1585 quam
1464 1525 1716 1569 victoriae.
1791 1522 1939 1581 Quod

446 1616 642 1659 utinam
679 1615 753 1659 ita
793 1613 953 1660 esset!
1026 1611 1127 1659 Sed
1165 1612 1314 1676 longe
1354 1612 1501 1659 aliter
1540 1629 1649 1660 esse
1690 1612 1934 1677 intellego

444 1710 600 1766 teque
642 1706 805 1766 ipsum
847 1706 921 1749 ita
963 1706 1253 1750 existimare
1297 1704 1527 1760 arbitror,
1572 1703 1718 1750 aliter
1762 1710 1939 1750 autem

444 1794 662 1840 scribere
706 1810 806 1840 non
850 1792 1072 1849 fallendi,
1117 1793 1207 1840 sed
1250 1793 1573 1840 confirmandi
1620 1797 1716 1840 mei
1765 1810 1934 1850 causa,

445 1887 743 1947 praesertim
808 1900 922 1930 cum
988 1883 1291 1948 adiungatur
1357 1883 1421 1930 ad
1487 1883 1714 1930 Africam
1780 1887 1937 1930 etiam

445 1973 702 2038 Hispania.

508 2064 657 2123 Quod
681 2081 762 2112 me
789 2065 1045 2122 admones,
1071 2072 1128 2112 ut
1153 2066 1367 2112 scribam
1394 2065 1455 2112 ad
1485 2066 1762 2112 Antonium
1789 2073 1841 2113 et
1870 2065 1934 2112 ad

444 2162 656 2211 ceteros,
683 2159 720 2202 si
750 2155 870 2219 quid
897 2155 1149 2202 videbitur
1176 2157 1269 2203 tibi
1295 2173 1419 2219 opus
1448 2172 1573 2210 esse,
1604 2156 1752 2202 velim
1782 2155 1937 2202 facias

445 2245 512 2300 id,
557 2245 690 2308 quod
734 2262 885 2309 saepe
929 2245 1108 2292 fecisti.
1180 2245 1312 2292 Nihil
1358 2249 1491 2292 enim
1536 2245 1654 2292 mihi
1702 2249 1838 2292 venit
1885 2249 1937 2292 in

444 2344 689 2392 mentem,
722 2336 857 2399 quod
887 2336 1207 2383 scribendum
1239 2342 1430 2400 putem.
1498 2335 1647 2394 Quod
1677 2352 1758 2383 me
1792 2336 1934 2382 audis

445 2429 742 2472 erectiorem
769 2442 878 2473 esse
902 2429 1084 2481 animo,
1109 2426 1230 2490 quid
1252 2434 1417 2490 putas,
1442 2444 1555 2473 cum
1579 2426 1747 2473 videas
1772 2443 1930 2473 acces-

445 2518 564 2562 sisse
611 2516 673 2562 ad
721 2519 1003 2580 superiores
1049 2516 1391 2581 aegritudines
1436 2516 1715 2581 praeclaras
1760 2520 1932 2581 generi

445 2625 532 2683 388
