1988 3008
685 229 966 277 MARCUS
1010 228 1310 277 TULLIUS
1356 228 1607 276 CICERO

398 377 480 407 me
502 362 726 415 mittere,
748 359 883 422 quod
902 361 1169 421 imperium
1189 356 1421 404 habeam.
1493 356 1552 404 Id
1574 363 1652 404 est
1669 355 1888 418 Ἀβδηρι-

397 449 537 494 τικόν.
608 445 714 492 Nec
738 448 873 491 enim
897 451 1102 491 senatus
1126 444 1368 499 decrevit,
1392 460 1486 490 nec
1508 443 1721 507 populus
1745 445 1888 490 iussit

398 549 481 578 me
509 535 775 594 imperium
802 534 854 576 in
881 530 1047 576 Sicilia
1074 529 1278 576 habere.
1347 529 1434 575 Sin
1460 529 1554 576 hoc
1582 546 1660 576 res
1688 529 1889 593 publica

400 618 464 664 ad
497 616 793 680 Pompeium
824 616 998 673 refert,
1030 619 1115 680 qui
1145 633 1228 662 me
1260 619 1421 680 magis
1453 633 1606 679 quam
1635 619 1888 680 privatum

400 704 620 767 aliquem
633 707 808 750 mittat
823 704 841 749 ?
911 703 1111 766 Itaque,
1125 706 1163 748 si
1180 702 1274 749 hoc
1287 706 1556 765 imperium
1570 702 1693 748 mihi
1706 702 1886 749 moles-

400 798 510 836 tum
534 793 647 846 erit,
670 797 784 836 utar
807 806 867 836 ea
889 797 1052 852 porta,
1076 806 1228 853 quam
1250 792 1464 852 primam
1486 789 1670 836 videro.
1739 788 1888 845 Nam,

401 877 536 940 quod
554 878 723 923 scribis
741 876 1002 922 mirificam
1021 878 1458 939 exspectationem
1476 891 1584 922 esse
1603 878 1704 922 mei
1722 892 1887 940 neque

399 970 574 1010 tamen
602 979 909 1026 quemquam
935 963 1181 1009 bonorum
1208 969 1297 1008 aut
1324 965 1446 1008 satis
1472 963 1718 1008 bonorum
1746 962 1887 1009 dubi-

400 1057 528 1106 tare,
550 1050 670 1112 quid
691 1049 914 1096 facturus
936 1052 1045 1105 sim,
1068 1065 1181 1112 ego,
1203 1065 1326 1112 quos
1347 1055 1404 1094 tu
1426 1049 1582 1095 bonos
1605 1065 1713 1095 esse
1735 1049 1887 1105 dicas,

401 1154 500 1182 non
534 1136 789 1200 intellego.
861 1136 974 1198 Ipse
1013 1135 1170 1182 nullos
1205 1138 1334 1191 novi,
1369 1135 1459 1181 sed
1491 1138 1582 1192 ita,
1616 1138 1654 1182 si
1689 1135 1888 1183 ordines

400 1223 645 1269 bonorum
674 1226 989 1286 quaerimus3
1037 1239 1153 1268 nam
1183 1222 1459 1285 singulares
1489 1229 1606 1268 sunt
1633 1223 1750 1270 boni
1782 1225 1885 1269 viri.

400 1309 587 1355 Verum
616 1312 667 1354 in
696 1309 1084 1356 dissensionibus
1114 1308 1312 1355 ordines
1342 1309 1588 1355 bonorum
1617 1316 1671 1355 et
1699 1325 1889 1373 genera

400 1395 691 1459 quaerenda
721 1403 852 1442 sunt.
922 1396 1166 1442 Senatum
1197 1396 1385 1441 bonum
1417 1402 1584 1461 putas,
1613 1411 1705 1458 per
1735 1412 1887 1459 quem

400 1485 506 1529 sine
538 1485 747 1546 imperio
777 1485 1060 1545 provinciae
1094 1489 1211 1528 sunt
1243 1483 1540 1545 (numquam
1573 1484 1707 1528 enim
1739 1482 1887 1530 Curio

401 1572 735 1624 sustinuisset,
757 1572 796 1615 si
817 1586 931 1616 curn
954 1586 1013 1615 eo
1036 1571 1117 1632 agi
1138 1575 1378 1631 coeptum
1400 1575 1563 1623 esset3
1603 1585 1756 1632 quam
1777 1585 1886 1616 sen-

401 1659 616 1702 tentiam
643 1663 847 1702 senatus
873 1658 1012 1718 sequi
1041 1655 1230 1710 noluit3
1275 1671 1338 1701 ex
1365 1672 1464 1718 quo
1490 1654 1682 1702 factum
1709 1663 1804 1712 est,
1829 1664 1887 1704 ut

401 1743 602 1789 Caesari
634 1759 735 1789 non
766 1741 1158 1804 succederetur),
1191 1758 1255 1788 an
1287 1741 1595 1805 publicanos,
1628 1745 1712 1806 qui
1746 1759 1886 1789 num-

401 1846 553 1892 quam
577 1829 720 1884 firmi,
743 1829 832 1875 sed
854 1846 986 1875 nunc
1009 1828 1209 1875 Caesari
1233 1835 1351 1875 sunt
1374 1831 1674 1885 amicissimi,
1698 1846 1761 1876 an
1783 1829 1886 1877 fae-

401 1924 657 1962 neratores
714 1933 776 1961 an
833 1911 1090 1979 agricolas,
1147 1916 1327 1978 quibus
1382 1918 1753 1978 optatissimum
1810 1924 1887 1964 est

400 2003 594 2049 otium?
640 2006 729 2049 nisi
757 2020 841 2049 eos
867 2006 1047 2049 timere
1073 2009 1240 2065 putas,
1267 2018 1330 2048 ne
1357 2003 1449 2048 sub
1477 2018 1632 2065 regno
1657 2006 1775 2060 sint,
1801 2006 1883 2067 qui

401 2090 451 2135 id
491 2106 782 2152 numquam,
820 2089 940 2135 dum
978 2089 1127 2135 modo
1166 2091 1310 2135 otiosi
1351 2095 1538 2144 essent,
1574 2098 1883 2137 recusarunt.

400 2176 535 2233 Quid
550 2192 670 2239 ergo
686 2177 704 2221 Ρ
733 2179 1011 2222 exercitum
1025 2178 1307 2231 retinentis,
1321 2192 1434 2221 cum
1449 2174 1573 2238 legis
1588 2175 1694 2222 dies
1708 2179 1884 2223 transi-

401 2266 515 2317 erit,
540 2266 785 2309 rationem
811 2262 985 2308 haberi
1009 2262 1209 2325 placet?
1281 2261 1406 2307 Mihi
1433 2278 1550 2308 vero
1575 2278 1638 2309 ne
1664 2263 1886 2310 absentis

403 2349 635 2412 quidem3
674 2349 780 2405 sed,
801 2365 916 2395 cum
937 2349 988 2394 id
1010 2349 1187 2395 datum
1210 2356 1304 2404 est,
1326 2348 1449 2394 illud
1470 2365 1569 2395 una
1591 2348 1768 2395 datum
1791 2357 1882 2396 est.

402 2437 662 2481 Annorum
687 2438 820 2481 enim
837 2435 1014 2482 decem
1036 2438 1302 2498 imperium
1328 2442 1381 2481 et
1404 2438 1477 2481 ita
1499 2435 1659 2481 latum
1684 2435 1885 2498 placet?

405 2520 575 2568 Placet
595 2525 747 2585 igitur
763 2525 917 2567 etiam
935 2538 1014 2568 me
1031 2521 1294 2585 expulsum
1311 2529 1363 2568 et
1379 2538 1556 2586 agrum
1571 2521 1884 2586 Campanum

401 2629 459 2671 40
