2014 3008
735 219 1019 268 MARCUS
1062 220 1364 269 TULLIUS
1409 221 1660 271 CICERO

453 350 545 403 sit;
586 351 665 396 cui
700 365 801 396 non
834 355 960 412 puto
996 365 1109 396 suos
1149 365 1258 396 esse
1293 366 1570 407 concessos,
1605 351 1695 399 sed
1730 352 1796 400 ad
1828 356 1935 417 ipso

452 422 612 469 datos.
681 422 847 469 Audio
874 425 1009 470 enim
1036 439 1153 470 eum
1180 439 1241 470 ea
1266 431 1471 471 senatus
1497 425 1728 472 consulta
1752 429 1935 490 impro-

451 496 590 552 bare,
631 513 761 560 quae
801 504 917 560 post
956 497 1230 544 discessum
1268 499 1587 546 tribunorum
1626 499 1764 547 facta
1803 508 1936 549 sunt.

452 570 622 628 Quare
649 574 856 634 poterit,
884 574 924 619 si
952 571 1088 619 volet
1116 573 1208 619 sibi
1237 579 1486 628 constare,
1514 580 1709 621 nostros
1736 574 1937 622 lictores

452 646 791 708 comprobare.

514 719 836 783 Quamquam
869 720 991 783 quid
1023 737 1118 784 ego
1151 719 1215 767 de
1246 720 1523 778 lictoribus,
1555 723 1641 784 qui
1673 738 1836 785 paene
1870 738 1932 770 ex

453 794 601 841 Italia
623 795 870 842 decedere
893 798 987 841 sim
1009 795 1205 841 iussus?
1272 794 1404 841 Nam
1427 794 1492 841 ad
1512 812 1595 842 me
1618 798 1754 843 misit
1776 796 1935 843 Anto-

450 872 559 933 nius
591 869 881 932 exemplum
910 868 1137 916 Caesaris
1168 869 1233 915 ad
1261 885 1314 916 se
1343 869 1645 925 litterarum,
1673 872 1726 916 in
1755 870 1935 933 quibus

451 951 561 991 erat
591 961 644 991 se
678 944 875 991 audisse
909 943 1157 990 Catonem
1191 950 1244 990 et
1278 943 1335 990 L.
1365 942 1636 990 Metellum
1659 946 1710 989 in
1737 943 1938 990 Italiam

451 1022 662 1074 venisse,
682 1018 872 1065 Romae
891 1025 950 1065 ut
969 1025 1139 1065 essent
1156 1017 1339 1081 palam.
1411 1017 1470 1064 Id
1488 1019 1580 1064 sibi
1600 1034 1701 1064 non
1718 1017 1934 1080 placere,

450 1110 514 1139 ne
539 1096 623 1156 qui
646 1099 813 1139 motus
837 1109 901 1139 ex
925 1109 985 1139 eo
1009 1092 1217 1147 fierent3
1259 1091 1612 1155 prohiberique
1636 1108 1810 1139 omnes
1835 1092 1936 1139 Ita-

449 1168 531 1222 lia,
561 1169 653 1213 nisi
682 1183 895 1230 quorum
921 1169 1029 1229 ipse
1059 1182 1263 1213 causam
1290 1168 1638 1229 cognovisset;
1683 1166 1850 1229 deque
1879 1182 1939 1214 eo

453 1241 801 1288 vehementius
822 1247 931 1286 erat
950 1243 1207 1303 scriptum.
1261 1240 1442 1303 Itaque
1459 1240 1710 1286 Antonius
1727 1239 1940 1303 petebat

451 1333 481 1361 a
507 1331 588 1362 me
615 1331 706 1378 per
730 1314 944 1370 litteras,
972 1321 1029 1360 ut
1056 1314 1150 1360 sibi
1175 1316 1517 1377 ignoscerem;
1564 1312 1731 1360 facere
1758 1329 1811 1360 se
1837 1329 1937 1360 non

450 1406 613 1453 posse,
650 1391 772 1452 quin
807 1391 865 1435 iis
900 1388 1084 1435 litteris
1120 1395 1338 1451 pareret.
1406 1387 1536 1434 Tum
1573 1387 1638 1434 ad
1674 1404 1791 1434 eum
1827 1390 1935 1434 misi

451 1465 508 1511 L.
569 1463 814 1519 Lamiam,
872 1465 954 1526 qui
1014 1462 1384 1509 demonstraret
1440 1461 1580 1508 illum
1637 1461 1934 1508 Dolabellae

449 1539 651 1592 dixisse,
680 1544 739 1583 ut
767 1536 832 1583 ad
859 1553 941 1583 me
970 1537 1230 1592 scriberet,
1260 1543 1317 1582 ut
1345 1539 1397 1581 in
1427 1535 1629 1582 Italiam
1658 1552 1811 1599 quam
1838 1538 1935 1599 pri-

448 1629 588 1658 mum
626 1614 875 1665 venirem;
930 1613 1036 1657 eius
1072 1627 1154 1657 me
1190 1610 1373 1657 litteris
1410 1613 1619 1657 venisse.
1687 1610 1817 1656 Tum
1852 1610 1936 1657 ille

449 1686 609 1733 edixit
641 1688 731 1741 ita,
765 1692 823 1732 ut
856 1701 938 1731 me
974 1686 1232 1747 exciperet
1266 1691 1320 1731 et
1355 1683 1585 1730 Laelium
1618 1687 1931 1730 nominatim.

449 1759 598 1818 Quod
635 1775 754 1805 sane
792 1758 1004 1814 nollem3
1058 1765 1261 1822 poterat
1298 1761 1433 1804 enim
1470 1761 1577 1804 sine
1615 1761 1816 1804 nomine
1854 1774 1933 1804 res

450 1837 557 1897 ipsa
582 1835 758 1896 excipi.
855 1824 860 1827 V

513 1908 558 1955 O
591 1907 776 1954 multas
810 1913 863 1953 et
895 1922 1073 1969 graves
1105 1904 1428 1952 offensiones!
1481 1921 1605 1968 quas
1639 1905 1848 1968 quidem
1877 1912 1935 1952 tu

448 1982 537 2029 das
567 1998 772 2045 operam
804 1988 860 2027 ut
888 1980 1063 2036 lenias,
1092 1996 1186 2026 1166
1215 1987 1390 2026 tamen
1419 1978 1539 2025 nihil
1569 1979 1784 2042 proficis,
1816 1982 1936 2042 quin

447 2056 541 2103 hoc
561 2059 668 2119 ipso
687 2058 869 2102 minuis
890 2055 1113 2101 dolorem
1132 2071 1320 2111 meum,
1341 2054 1493 2118 quod,
1514 2061 1572 2101 ut
1592 2057 1805 2110 minuas,
1828 2061 1935 2100 tam

448 2130 593 2177 valde
619 2130 844 2185 laboras3
887 2129 1039 2192 idque
1067 2129 1216 2176 velim
1242 2145 1306 2176 116
1332 2145 1542 2193 gravere
1569 2145 1722 2192 quam
1748 2131 1932 2192 saep-is-

448 2207 571 2251 sime
596 2203 777 2250 facere.
849 2203 1076 2250 Maxime
1101 2210 1274 2250 autem
1299 2203 1594 2266 adsequere,
1620 2202 1754 2265 quod
1778 2205 1867 2258 vis,
1895 2205 1934 2249 si

448 2294 529 2324 me
566 2277 851 2332 adduxeris,
886 2284 943 2323 ut
979 2279 1264 2323 existimem
1298 2293 1381 2323 me
1415 2277 1660 2323 bonorum
1696 2275 1936 2322 iudicium

447 2368 547 2398 non
577 2350 803 2398 funditus
832 2350 1123 2414 perdidisse.
1203 2349 1525 2414 Quamquam
1555 2349 1677 2412 quid
1705 2356 1763 2396 tu
1792 2352 1843 2394 in
1874 2365 1933 2395 eo

447 2424 627 2487 potes?
696 2423 828 2470 Nihil
869 2423 1074 2470 scilicet.
1143 2422 1259 2479 Sed,
1300 2426 1338 2469 si
1380 2423 1501 2486 quid
1540 2439 1619 2469 res
1659 2422 1800 2469 dabit
1841 2423 1932 2468 tibi

449 2498 722 2555 facultatis,
739 2497 790 2545 id
806 2514 888 2544 me
906 2500 1125 2544 maxime
1142 2497 1384 2545 consolari
1401 2500 1590 2561 poterit
1606 2512 1618 2553 ;
1654 2495 1788 2560 quod
1805 2511 1936 2542 nunc

445 2648 538 2695 370
