1988 3008
689 198 971 248 MARCUS
1015 197 1316 246 TULLIUS
1361 198 1612 246 CICERO

408 327 592 374 Clodia.
665 327 865 373 Falsum
895 329 1051 373 etiam
1081 326 1144 373 de
1174 330 1424 388 corruptis
1455 326 1678 373 navibus.
1748 325 1896 385 Quod

407 427 631 473 consules
657 426 847 482 laudas,
874 443 968 490 ego
995 443 1195 489 quoque
1221 429 1447 473 animum
1471 426 1638 482 laudo,
1662 425 1752 473 sed
1776 442 1894 472 con-

405 526 569 572 silium
602 525 945 588 reprehend03
997 526 1230 589 dispersu
1265 529 1400 573 enim
1433 526 1632 573 illorum
1666 529 1797 572 actio
1832 525 1896 572 de

408 642 533 689 pace
548 626 746 673 sublata
762 633 859 682 est,
875 642 1027 689 quam
1042 626 1248 690 quidem
1264 639 1358 690 ego
1373 626 1676 674 meditabar.
1710 625 1892 689 Itaque

407 733 585 788 postea
620 726 857 773 Demetri
892 726 1077 772 librum
1111 726 1175 773 de
1210 726 1478 773 concordia
1510 726 1604 773 tibi
1638 729 1806 772 remisi
1842 733 1896 772 et

409 825 675 872 Philotimo
714 826 847 873 dedi.
918 825 1024 873 Nec
1065 843 1185 874 vero
1224 826 1420 883 dubito,
1461 829 1582 890 quin
1623 829 1895 873 exitiosum

406 926 596 972 bellum
611 926 905 988 impendeat
922 941 934 981 ;
965 930 1104 973 cuius
1119 929 1321 973 initium
1336 926 1552 973 ducetur
1567 942 1598 972 a
1611 925 1760 973 fame.
1829 922 1897 972 Et

410 1042 492 1072 me
524 1033 699 1072 tamen
731 1025 876 1072 doleo
911 1043 1010 1072 non
1043 1029 1291 1073 interesse
1325 1025 1441 1072 huic
1474 1025 1632 1073 bello!
1702 1025 1761 1072 In
1796 1042 1894 1089 quo

408 1132 554 1172 tanta
588 1129 657 1172 vis
692 1126 895 1172 sceleris
930 1125 1104 1173 futura
1137 1132 1233 1182 est,
1267 1133 1342 1182 ut,
1376 1142 1491 1172 cum
1524 1132 1763 1188 parentes
1798 1141 1897 1172 non

407 1226 541 1272 alere
568 1225 818 1272 nefarium
843 1229 926 1281 sit,
954 1229 1112 1272 nostri
1138 1229 1390 1289 principes
1418 1228 1816 1289 antiquissimam
1844 1232 1897 1272 et
1986 1258 1988 1260 -

405 1329 772 1372 sanctissimam
819 1333 1102 1389 parentem,
1149 1329 1385 1389 patriam,
1432 1325 1567 1372 fame
1612 1325 1895 1373 necandam

407 1432 605 1487 putent.
675 1426 846 1488 Atque
870 1424 963 1472 hoc
987 1442 1086 1472 non
1110 1429 1344 1488 opinione
1367 1429 1544 1481 timeo,
1568 1425 1659 1472 sed
1681 1425 1891 1472 interfui

406 1525 731 1572 sermonibus.
803 1524 978 1572 Omnis
999 1525 1125 1572 haec
1144 1525 1312 1572 classis
1334 1524 1662 1581 Alexandria,
1680 1523 1893 1581 Colchis,

408 1624 557 1688 Tyro,
571 1623 771 1680 Sidone,
786 1625 974 1681 Arado,
990 1625 1175 1689 Cypro,
1187 1624 1501 1689 Pamphylia,
1518 1625 1691 1689 Lycia,
1702 1624 1894 1697 Rhodo,

407 1723 548 1780 Chio,
598 1724 857 1788 Byzantio,
909 1725 1091 1781 Lesbo,
1142 1726 1376 1789 Zmyrna,
1429 1725 1628 1781 Mileto,
1678 1724 1780 1772 Coo
1830 1725 1895 1772 ad

408 1825 813 1872 intercludendos
845 1833 1156 1872 commeatus
1190 1825 1368 1872 Italiae
1401 1833 1454 1872 et
1486 1825 1549 1871 ad
1579 1825 1893 1887 occupandas

405 1924 760 1971 frumentarias
775 1928 1054 1987 provincias
1070 1933 1406 1988 comparatur.
1476 1925 1547 1971 At
1564 1941 1714 1988 quam
1730 1929 1897 1972 veniet

406 2027 586 2071 iratus!
608 2032 661 2071 et
678 2028 735 2070 iis
754 2025 958 2087 quidem
975 2029 1214 2081 maxime,
1231 2028 1315 2088 qui
1333 2041 1450 2071 eum
1467 2028 1688 2071 maxime
1704 2025 1895 2072 salvum

409 2124 661 2179 volebant,
688 2128 827 2187 quasi
851 2125 1057 2171 relictus
1084 2125 1149 2171 ab
1173 2128 1250 2180 iis,
1277 2141 1398 2187 quos
1424 2124 1643 2187 reliquit.
1714 2124 1895 2188 Itaque

409 2222 527 2268 mihi
560 2223 831 2279 dubitanti,
863 2224 983 2287 quid
1012 2241 1095 2271 me
1125 2223 1296 2271 facere
1325 2240 1417 2286 par
1446 2227 1530 2280 sit,
1560 2239 1894 2288 permagnum

409 2323 601 2386 pondus
633 2323 801 2370 adfert
830 2324 1182 2371 benevolentia
1208 2340 1330 2388 erga
1355 2323 1521 2378 illum;
1559 2340 1657 2386 qua
1687 2323 1895 2389 dempta

408 2426 574 2484 perire
598 2422 775 2469 melius
802 2431 938 2470 esset
963 2426 1012 2468 in
1038 2427 1205 2486 patria
1231 2440 1382 2486 quam
1407 2427 1625 2485 patriam
1650 2424 1895 2471 servando

408 2529 654 2568 evertere.
724 2522 804 2569 De
836 2526 1204 2586 septemtrione
1238 2523 1386 2586 plane
1421 2527 1492 2569 ita
1527 2531 1621 2570 est.
1693 2523 1890 2582 Metuo,

410 2592 499 2637 218
