1942 3022
670 224 952 274 MARCUS
996 221 1296 271 TULLIUS
1342 220 1593 269 CICERO

386 364 534 404 erant
558 373 587 403 a
610 363 664 403 te
688 358 795 417 ipso
818 356 1056 415 scriptae,
1079 350 1262 398 deinde
1287 365 1461 396 earum
1484 351 1872 396 accuratissuma

388 434 649 497 diligentia
695 448 805 476 sum
851 433 1035 475 mirum
1082 431 1130 473 in
1179 426 1382 473 modum
1432 425 1728 473 delectatus,
1790 423 1872 488 *Ac

388 514 606 573 primum
634 508 772 563 illud,
801 510 851 552 in
880 522 978 569 quo
1007 512 1061 551 te
1091 501 1402 550 Dicaearcho
1431 501 1671 549 adsentiri
1699 515 1872 564 negas,

390 589 486 634 etsi
501 585 837 647 cupidissume
856 585 1144 645 expetitum
1160 597 1190 627 a
1205 595 1287 626 me
1305 586 1383 626 est
1401 586 1454 626 et
1469 585 1524 626 te
1541 568 1873 641 approbante,

391 679 455 709 ne
489 662 675 708 diutius
710 676 840 706 anno
873 662 924 705 in
957 660 1212 721 provincia
1245 671 1424 712 essem,
1457 662 1630 702 tamen
1663 670 1764 701 non
1796 659 1875 700 est

393 746 564 787 nostra
594 739 918 784 contentione
950 734 1253 798 perfectum.
1320 731 1400 779 Sic
1431 735 1565 778 enim
1595 734 1738 787 scito,
1770 745 1876 776 ver-

392 817 515 864 bum
530 819 582 862 in
599 820 780 862 senatu
797 812 991 859 factum
1010 826 1120 858 esse
1137 826 1413 873 numquam
1431 808 1495 855 de
1514 807 1613 855 ullo
1630 815 1876 863 nostrum,

393 897 479 958 qui
502 893 780 956 provincias
800 889 1126 944 obtinuimus,
1142 904 1241 952 quo
1265 890 1317 933 in
1340 889 1398 933 iis
1423 886 1611 933 diutius
1637 901 1789 948 quam
1813 900 1876 930 ex

393 977 598 1018 senatus
619 966 847 1015 consulto
868 981 1207 1021 maneremus,
1227 971 1285 1011 ut
1304 966 1406 1010 iam
1425 978 1491 1010 ne
1510 965 1652 1012 istius
1674 961 1879 1025 quidem

393 1051 466 1094 rei
489 1045 688 1108 culpam
712 1047 1007 1099 sustineam,
1032 1041 1167 1105 quod
1189 1044 1352 1087 minus
1377 1039 1464 1086 diu
1488 1038 1672 1086 fuerim
1694 1042 1746 1085 in
1768 1054 1880 1102 pro·

398 1126 574 1179 vincia,
600 1138 751 1185 quam
776 1120 990 1167 fortasse
1016 1118 1170 1166 fuerit
1195 1117 1335 1165 utile.
1413 1115 1513 1164 Sed
1537 1115 1701 1180 “quid
1722 1118 1763 1163 si
1787 1114 1881 1163 hoc

396 1198 607 1248 melius?
631 1197 661 1214 ''
706 1204 989 1261 opportune
1035 1196 1132 1243 dici
1178 1194 1378 1242 videtur
1422 1201 1479 1242 ut
1524 1197 1575 1240 in
1619 1192 1713 1240 hoc
1757 1196 1879 1256 ipso.

398 1278 511 1324 Sive
544 1280 679 1323 enim
711 1275 775 1322 ad
806 1273 1125 1321 concordiam
1155 1288 1233 1319 res
1267 1271 1448 1319 adduci
1480 1278 1651 1334 potest
1681 1273 1785 1317 sive
1818 1269 1884 1317 ad

397 1356 642 1402 bonorum
675 1354 954 1408 victoriam,
988 1352 1221 1398 utriusvis
1254 1352 1328 1396 rei
1361 1364 1444 1396 me
1479 1355 1567 1396 aut
1601 1347 1884 1395 adiutorem

401 1431 549 1478 velim
583 1445 693 1476 esse
728 1435 817 1475 aut
851 1434 992 1475 certe
1027 1443 1127 1473 non
1162 1432 1428 1489 expertem
1443 1440 1456 1482 ;
1507 1428 1584 1472 sin
1619 1427 1885 1472 vincuntur

399 1509 533 1562 boni,
570 1506 873 1568 ubicumque
909 1519 1090 1560 essem,
1126 1519 1226 1551 una
1261 1519 1377 1550 cum
1411 1505 1469 1549 iis
1507 1504 1666 1548 victus
1704 1517 1881 1548 essem.

401 1585 570 1644 Quare
610 1582 841 1630 celeritas
888 1584 1045 1628 nostri
1094 1580 1286 1627 reditus
1335 1579 1684 1642 ἀμεταμέλητος
1731 1578 1888 1626 debet

403 1678 527 1708 esse.
596 1659 787 1718 Quodsi
805 1661 904 1706 ista
921 1658 1064 1705 nobis
1083 1660 1325 1721 cogitatio
1344 1657 1408 1704 de
1427 1654 1684 1720 triumpho
1702 1658 1889 1702 iniecta

402 1755 502 1785 non
539 1743 691 1793 esset,
729 1751 883 1799 quam
917 1742 977 1782 tu
1014 1750 1215 1798 quoque
1255 1733 1519 1797 adprobas,
1556 1749 1621 1780 ne
1657 1739 1716 1780 tu
1752 1731 1890 1779 haud

405 1814 620 1861 multum
657 1814 938 1876 requireres
974 1811 1115 1859 illum
1153 1813 1330 1867 virum,
1369 1813 1454 1874 qui
1492 1813 1544 1856 in
1581 1817 1727 1858 sexto
1764 1809 1890 1857 libro

404 1890 700 1937 informatus
747 1896 839 1936 est.
909 1887 1045 1947 Quid
1090 1891 1224 1934 enim
1268 1888 1360 1934 tibi
1407 1886 1606 1943 faciam,
1653 1889 1737 1950 qui
1782 1885 1891 1933 illos

405 1967 554 2014 libros
596 1965 882 2013 devorasti?
949 1964 1083 2023 Quin
1125 1981 1258 2011 nunc
1298 1967 1463 2027 ipsum
1505 1980 1605 2011 non
1647 1963 1891 2010 dubitabo

407 2061 512 2092 rem
548 2049 746 2090 tantam
784 2043 1000 2098 abicere,
1037 2044 1076 2088 si
1113 2041 1165 2088 id
1201 2043 1298 2088 erit
1333 2043 1533 2088 rectius.
1604 2040 1892 2104 Utrumque

409 2137 524 2167 vero
551 2118 695 2166 simul
724 2121 806 2183 agi
832 2135 932 2165 non
958 2125 1146 2181 potest,
1174 2125 1228 2165 et
1254 2117 1318 2164 de
1344 2116 1600 2180 triumpho
1628 2118 1892 2164 ambitiose

408 2204 462 2243 et
503 2197 567 2243 de
609 2213 663 2243 re
705 2195 905 2259 publica
945 2194 1117 2241 libere.
1203 2193 1304 2241 Sed
1344 2209 1408 2241 ne
1451 2193 1713 2250 dubitaris,
1755 2197 1892 2258 quin,

409 2273 543 2335 quod
599 2271 876 2327 honestius,
933 2271 984 2317 id
1039 2270 1159 2316 mihi
1218 2270 1444 2318 futurum
1501 2273 1567 2318 sit
1623 2274 1891 2335 antiquius.

411 2349 558 2405 Nam,
592 2348 727 2412 quod
758 2355 907 2411 putas
940 2347 1111 2395 utilius
1144 2364 1271 2404 esse,
1304 2346 1383 2394 vel
1414 2346 1535 2394 mihi
1569 2347 1704 2411 quod
1734 2350 1895 2396 tutius

411 2428 492 2481 sit,
529 2424 607 2471 vel
644 2427 799 2471 etiam
835 2432 893 2471 ut
928 2427 996 2471 rei
1037 2423 1266 2486 publicae
1303 2423 1539 2487 prodesse
1575 2427 1777 2486 possim,
1812 2441 1895 2471 me

413 2518 520 2547 esse
544 2518 658 2548 cum
681 2504 907 2564 imperio,
931 2501 982 2547 id
1004 2518 1170 2548 coram
1194 2501 1617 2549 considerabimus
1641 2501 1788 2565 quale
1813 2504 1892 2549 sit.

413 2631 469 2662 20
