1988 3008
107 1107 202 1153 Ser.
238 1105 285 1150 in
320 1103 432 1150 For-

106 1174 256 1220 miano
296 1170 338 1217 V
369 1171 415 1218 K

106 1239 254 1286 Mart.
280 1254 323 1283 a.

106 1307 197 1356 705

741 260 1023 308 MARCUS
1067 259 1368 307 TULLIUS
1414 259 1665 307 CICERO

460 390 531 436 At
573 389 654 436 ille
696 389 787 435 tibi
844 390 1003 436 πολλὰ
1058 389 1234 452 χαίρειν
1278 392 1341 452 τῷ
1385 390 1511 452 καλῷ
1553 386 1724 433 dicens
1781 389 1948 451 pergit

460 463 790 510 Brundisium.
862 462 1143 507 Domitium
1186 467 1358 507 autem
1400 464 1543 508 aiunt
1584 477 1636 507 re
1679 460 1855 507 audita
1895 467 1947 507 et

460 553 561 591 eos,
585 539 667 599 qui
692 553 792 582 una
816 542 1001 590 essent,
1025 551 1078 581 se
1100 535 1383 581 tradidisse.
1454 534 1499 582 O
1521 550 1628 581 rem
1652 533 1945 598 lugubrem!

462 610 641 672 Itaque
683 609 989 655 intercludor
1029 608 1216 663 dolore,
1259 625 1357 671 quo
1399 611 1562 655 minus
1604 607 1669 655 ad
1708 614 1762 655 te
1802 607 1946 671 plura

459 684 686 729 scribam.
755 683 887 729 Tuas
913 683 1106 730 litteras
1134 690 1388 746 exspecto.

1166 885 1238 932 IX

942 1008 1116 1039 CICERO
1151 1008 1325 1038 ATTICO
1360 1008 1458 1040 SAL.

521 1099 801 1162 Epistulam
841 1116 1007 1145 meam
1046 1098 1183 1162 quod
1220 1099 1570 1162 pervulgatam
1609 1101 1782 1149 scribis
1821 1119 1948 1160 esse,

458 1190 556 1219 non
582 1174 687 1220 fero
712 1173 943 1228 moleste,
968 1175 1089 1235 quin
1115 1175 1271 1219 etiarn
1296 1175 1403 1235 ipse
1427 1174 1599 1221 multis
1624 1175 1742 1222 dedi
1767 1169 1950 1224 descri-

458 1247 691 1294 bendam.
761 1247 836 1293 Ea
863 1249 998 1293 enim
1024 1254 1078 1294 et
1104 1246 1396 1293 acciderunt
1423 1249 1523 1294 iam
1550 1254 1604 1295 et
1630 1250 1945 1312 impendent,

459 1328 516 1367 ut
539 1327 786 1367 testatum
811 1337 920 1367 esse
945 1319 1112 1376 velim,
1135 1320 1199 1366 de
1223 1337 1349 1382 pace
1373 1321 1495 1383 quid
1516 1326 1774 1370 senserim.
1821 1324 1947 1371 Cum

459 1401 630 1440 autem
670 1393 733 1440 ad
771 1410 884 1440 eam
920 1392 1149 1440 hortarer
1187 1410 1303 1439 eum
1339 1398 1639 1456 praesertim
1676 1395 1948 1456 hominem,

457 1484 556 1513 non
588 1466 792 1514 videbar
822 1466 922 1513 ullo
950 1467 1100 1513 modo
1131 1466 1324 1513 facilius
1353 1474 1599 1524 moturus,
1628 1485 1782 1532 quam
1811 1473 1851 1518 si
1881 1471 1948 1526 id,

458 1541 594 1603 quod
611 1557 726 1587 eum
743 1539 987 1596 hortarer,
1004 1544 1270 1587 convenire
1289 1543 1395 1587 eius
1412 1544 1693 1604 sapientiae
1709 1543 1947 1592 dicerem.

458 1614 585 1660 Eam
619 1617 656 1660 si
693 1613 718 1628 “
745 1613 1092 1660 admirabilem
1120 1611 1145 1627 ’'
1179 1613 1301 1670 dixi,
1334 1630 1449 1660 eum
1483 1631 1599 1661 eum
1635 1615 1700 1662 ad
1732 1616 1949 1665 salutem

460 1690 653 1750 patriae
680 1686 934 1742 hortabar,
962 1703 1062 1733 non
1088 1703 1197 1733 sum
1224 1690 1431 1743 veritus,
1458 1704 1523 1735 ne
1550 1688 1746 1736 viderer
1772 1690 1950 1738 adsen-

459 1764 572 1816 tari,
599 1763 676 1807 cui
706 1760 793 1806 tali
823 1764 874 1806 in
902 1777 955 1807 re
984 1760 1219 1807 lubenter
1245 1777 1328 1808 me
1357 1761 1422 1808 ad
1449 1762 1605 1825 pedes
1634 1763 1946 1812 abiecissem.

458 1834 607 1892 Quod
642 1841 813 1881 autem
850 1841 928 1880 est
964 1833 1205 1897 “aliquid
1240 1838 1482 1898 inpertias
1517 1836 1811 1900 temporis‚''
1847 1855 1947 1885 non

458 1915 552 1963 est,
575 1908 638 1954 de
661 1924 803 1971 pace,
825 1908 915 1954 sed
937 1907 1000 1954 de
1023 1924 1105 1955 me
1127 1911 1235 1971 ipso
1258 1915 1311 1955 et
1333 1908 1397 1955 de
1434 1925 1548 1956 meo
1580 1910 1740 1958 officio
1773 1918 1830 1958 ut
1862 1911 1948 1958 ali-

457 1982 578 2044 quid
620 1985 827 2045 cogitet.
898 1981 1046 2038 Nam,
1090 1982 1226 2045 quod
1269 1982 1512 2029 testificor
1554 1999 1637 2030 me
1681 1992 1947 2047 expertem

459 2055 569 2101 belli
616 2054 786 2111 fuisse,
831 2058 924 2101 etsi
969 2055 1019 2102 id
1062 2071 1116 2102 re
1160 2063 1485 2119 perspectum
1528 2063 1622 2112 est,
1667 2064 1842 2105 tamen
1885 2075 1945 2107 eo

455 2131 643 2190 scripsi,
677 2145 776 2191 quo
808 2131 859 2174 in
892 2129 1150 2176 suadendo
1183 2129 1294 2193 plus
1328 2133 1644 2177 auctoritatis
1677 2130 1947 2189 haberem;

456 2202 737 2264 eodemque
763 2205 1005 2264 pertinet,
1031 2203 1167 2266 quod
1192 2219 1394 2250 causam
1422 2206 1528 2251 eius
1553 2204 1724 2267 probo.

519 2274 619 2321 Sed
651 2275 771 2338 quid
802 2274 928 2321 haec
961 2277 1127 2322 nunc?
1195 2277 1406 2323 Utinam
1439 2277 1628 2341 aliquid
1659 2278 1944 2341 profectum

457 2348 616 2394 esset!
686 2348 762 2394 Ne
811 2364 905 2411 ego
954 2352 1073 2395 istas
1122 2348 1316 2396 litteras
1364 2353 1414 2396 in
1460 2354 1696 2398 contione
1743 2355 1942 2398 recitari

457 2420 622 2476 velim,
664 2424 701 2467 si
745 2422 949 2484 quidem
991 2422 1073 2469 ille
1114 2425 1221 2486 ipse
1264 2423 1328 2470 ad
1370 2423 1589 2471 eundem
1630 2426 1852 2472 scribens
1893 2430 1944 2472 in

457 2493 656 2556 publico
671 2498 930 2557 proposuit
948 2496 1215 2558 epistulam
1233 2497 1386 2553 illam,
1403 2501 1454 2543 in
1472 2514 1572 2561 qua
1589 2505 1667 2545 est
1684 2497 1711 2514 ‘⁸
1737 2516 1827 2562 pro
1842 2502 1942 2546 tuis

456 2567 605 2614 rebus
631 2571 787 2632 gestis
814 2569 1128 2633 amplissimis
1155 2569 1180 2586 ’³
1209 2571 1619 2636 (amplioribusne
1646 2589 1798 2637 quam
1823 2576 1938 2629 suis,

462 2669 544 2711 124
