1988 3008
726 218 1010 266 MARCUS
1055 219 1358 266 TULLIUS
1404 218 1657 268 CICERO

443 354 578 394 esset
614 346 872 410 Pompeio,
906 347 1055 394 nolui.
1125 347 1394 394 Senseram
1429 351 1582 404 enim,
1617 365 1768 411 quam
1805 348 1940 396 idem

445 434 629 474 essent.
698 427 808 474 Hoc
836 443 1013 474 verens
1041 430 1093 473 in
1119 426 1248 474 hanc
1275 428 1577 475 tarditatem
1603 428 1771 476 incidi.
1840 427 1941 476 Sed

442 522 683 570 assequor
715 510 900 563 omnia,
932 510 973 553 si
1006 523 1242 570 propero,
1273 511 1314 553 si
1347 515 1575 564 cunctor,
1607 511 1803 555 amitto.
1872 507 1941 556 Et

442 593 635 643 tamen,
663 589 733 633 mi
763 586 957 642 Attice,
986 590 1198 650 auguria
1229 604 1430 650 quoque
1460 604 1542 634 me
1572 590 1787 635 incitant
1819 604 1938 651 qua·

442 666 561 713 dam
585 683 675 729 spe
701 683 801 713 non
826 667 997 723 dubia,
1023 683 1116 714 nec
1141 666 1267 714 haec
1292 667 1491 731 collegii
1516 671 1677 715 nostri
1703 668 1767 714 ab
1793 668 1940 724 Atto,

445 746 536 792 sed
582 746 665 792 illa
714 745 935 793 Platonis
984 746 1048 793 de
1095 750 1341 810 tyrannis.
1412 746 1560 794 Nullo
1608 750 1743 794 enim
1791 748 1942 795 modo

443 842 589 888 posse
632 826 777 873 video
818 834 956 873 stare
997 830 1152 873 istum
1193 827 1400 883 diutius,
1442 830 1563 891 quin
1605 831 1712 890 ipse
1753 843 1846 891 per
1885 844 1941 875 se

444 910 600 953 etiam
621 906 976 970 languentibus
999 907 1140 953 nobis
1162 907 1412 964 concidat,
1433 910 1621 971 quippe
1654 911 1739 971 qui
1762 907 1941 955 floren-

443 989 663 1033 tissimus
703 1003 760 1033 ac
803 1003 958 1033 novus
1001 1003 1070 1043 vl,
1104 1003 1175 1033 vu
1219 987 1396 1034 diebus
1439 990 1532 1050 ipsi
1574 986 1642 1033 illi
1678 991 1851 1051 egenti
1886 1004 1944 1035 ac

446 1066 678 1128 perditae
706 1066 1019 1113 multitudini
1047 1070 1098 1112 in
1125 1067 1296 1113 odium
1323 1067 1703 1114 acerbissimum
1730 1071 1945 1124 venerit,

447 1150 531 1209 qui
567 1146 781 1193 duarum
814 1163 985 1193 rerum
1018 1146 1392 1194 simulationem
1425 1154 1533 1193 tam
1565 1151 1667 1194 cito
1701 1151 1945 1204 amiserit,

445 1226 850 1273 mansuetudinis
901 1229 952 1272 in
1005 1226 1236 1283 Metello,
1288 1227 1578 1274 divitiarum
1627 1231 1678 1274 in
1727 1230 1938 1275 aerario.

447 1306 557 1352 Iam
586 1307 765 1369 quibus
794 1313 970 1353 utatur
998 1306 1077 1353 vel
1103 1309 1247 1353 sociis
1276 1306 1355 1353 vel
1382 1307 1659 1354 ministris?
1686 1310 1720 1354 ii
1747 1311 1942 1371 provin·

446 1390 566 1443 cias,
610 1389 644 1432 ii
689 1403 798 1433 rem
843 1386 1096 1450 publicam
1142 1394 1342 1451 regent,
1389 1404 1604 1450 quorum
1649 1404 1799 1434 nemo
1844 1387 1944 1434 duo

447 1483 644 1513 menses
668 1470 836 1530 potuit
859 1470 1221 1529 patrimonium
1242 1484 1389 1513 suum
1411 1467 1733 1530 gubernare?

512 1546 624 1593 Non
639 1554 757 1593 sunt
776 1549 944 1593 omnia
962 1546 1264 1610 colligenda,
1287 1563 1419 1610 quae
1441 1554 1499 1593 tu
1523 1550 1808 1594 acutissime
1833 1564 1943 1610 per-

446 1630 613 1689 spicis,
633 1626 725 1673 sed
743 1633 919 1673 tamen
941 1643 1001 1672 ea
1022 1643 1153 1689 pone
1175 1634 1295 1673 ante
1317 1627 1484 1673 oculos
1502 1642 1514 1682 ;
1556 1630 1657 1673 iam
1677 1628 1942 1692 intelleges
1986 1641 1988 1675 ὲ

448 1707 500 1753 id
534 1722 749 1770 regnum
785 1710 867 1753 vix
903 1714 1186 1753 semenstre
1224 1723 1333 1753 esse
1370 1723 1532 1770 posse.
1602 1707 1751 1766 Quod
1785 1711 1826 1754 si
1861 1724 1943 1754 me

447 1786 707 1842 fefellerit,
734 1785 915 1842 feram,
942 1790 1071 1833 sicut
1099 1786 1244 1833 multi
1273 1786 1532 1833 clarissimi
1558 1786 1785 1834 homines
1813 1791 1865 1834 in
1890 1805 1944 1835 re

447 1867 648 1930 publica
659 1866 966 1914 excellentes
982 1866 1334 1923 tulerunt,nisi
1352 1866 1485 1913 forte
1502 1883 1585 1914 me
1600 1866 1942 1931 Sardanapalli

449 1950 609 1994 vicem
644 1945 717 2009 [in
750 1963 840 1992 suo
875 1946 1081 2010 lectulo]
1102 1946 1121 1975 1
1156 1950 1282 1993 mori
1318 1947 1468 1993 malle
1502 1951 1756 1994 censueris
1793 1964 1942 2010 quam

451 2026 626 2073 exsilio
648 2025 1034 2072 Themistocleo.
1103 2026 1201 2085 Qui
1221 2043 1337 2073 cum
1359 2026 1556 2083 fuisset,
1579 2035 1636 2074 ut
1654 2030 1726 2074 ait
1747 2026 1942 2091 Thucy—

448 2106 609 2162 dideS,
651 2111 740 2155 τῶν
784 2109 869 2169 μὲν
913 2108 1152 2170 παρόντων
1198 2106 1253 2155 δι’
1301 2109 1554 2171 ἐλαχίστης
1600 2111 1781 2170 βουλῆς
1836 2109 1938 2170 κρά-

447 2208 607 2237 τιστος
663 2187 852 2251 γνώμων
908 2191 998 2235 τῶν
1055 2187 1103 2235 δὲ
1159 2189 1429 2249 μελλόντων
1483 2192 1526 2238 ἐς
1577 2191 1802 2236 πλεῖστον
1861 2191 1942 2236 τοῦ

447 2267 762 2332 γενησομένου
809 2269 1000 2330 ἅρσιτος
1049 2269 1277 2330 εἰκαστής,
1318 2274 1492 2314 tamen
1541 2267 1716 2314 incidit
1765 2270 1815 2312 in
1857 2283 1941 2314 eos

476 2443 523 2536 ἰοὶ
555 2442 640 2483 The
680 2442 808 2483 words
850 2443 896 2482 in
935 2443 1118 2484 brackets
1156 2457 1226 2485 are
1266 2443 1417 2485 deleted
1457 2443 1507 2495 by
1548 2443 1789 2496 Nipperdey
1827 2457 1876 2484 ae
1914 2457 1941 2484 a

450 2510 474 2547 9
515 2510 571 2536 ss.

450 2628 541 2674 304
