1988 3008
737 228 1020 276 MARCUS
1064 228 1365 276 TULLIUS
1411 228 1661 276 CICERO

453 357 779 405 Germaniam
802 374 895 420 per
920 356 1176 420 Illyricum
1199 356 1407 412 fecisse3
1445 357 1496 404 id
1521 360 1656 404 enim
1679 359 1945 410 αὖθεντικῶς

453 432 798 479 nuntiabatur.
869 430 1104 477 Melitam
1151 434 1324 494 igitur,
1370 433 1564 493 opinor,
1609 447 1944 494 capessamus,

453 505 575 552 dum
614 505 736 568 quid
756 508 808 551 in
829 505 1090 568 Hispania.
1159 503 1310 563 Quod
1332 504 1539 568 quidem
1558 521 1717 568 prope
1738 505 1944 552 modum

454 579 625 626 videor
641 595 704 626 ex
721 578 948 626 Caesaris
959 578 1143 625 litteris
1157 581 1309 641 ipsius
1323 578 1584 625 voluntate
1598 578 1765 626 facere
1781 572 1943 642 posse,

453 657 539 717 qui
555 660 710 717 negat
726 669 893 716 neque
907 651 1166 699 honestius
1182 668 1349 715 neque
1364 655 1523 699 tutius
1541 651 1662 699 mihi
1678 655 1945 716 quicquam

453 743 564 774 esse
581 744 734 790 quam
750 727 813 773 ab
830 729 966 774 omni
981 729 1308 774 contentione
1325 727 1518 773 abesse.
1589 726 1742 773 Dices
1761 743 1772 773 ε
1790 725 1819 743 “
1843 726 1943 774 Ubi
1986 753 1988 790 Ι

452 793 535 848 isle
551 793 673 865 ergo
687 794 805 848 tuus
822 804 1036 856 animus,
1052 817 1205 863 quem
1219 803 1460 863 proximis
1476 800 1661 847 litteris
1677 800 1696 846 ?
1720 798 1750 815 ”
1784 800 1946 848 Adest
1985 791 1988 868 j

454 884 507 922 et
526 875 661 923 idem
678 882 757 922 est
773 889 785 930 3
802 875 893 922 sed
910 878 1106 923 utinam
1122 891 1237 921 meo
1253 874 1415 921 solum
1430 877 1599 937 capite
1616 874 1947 922 decernerem
1987 876 1988 882 ’

455 950 717 997 Lacrimae
732 965 961 995 meorum
976 965 1059 995 me
1077 948 1335 995 interdum
1350 948 1581 995 molliunt
1599 951 1917 1011 precantium
1933 948 1944 996 l
1987 943 1988 950 ¹

454 1032 511 1070 ut
562 1023 626 1070 de
678 1023 932 1085 Hispaniis
985 1028 1356 1085 exspectemus.
1428 1021 1501 1068 M.
1554 1021 1692 1069 Caeli
1743 1022 1945 1085 quidem

455 1097 724 1160 epistulam
775 1100 1018 1159 scriptam
1071 1095 1446 1151 miserabiliter,
1498 1112 1614 1141 cum
1666 1094 1759 1142 hoc
1812 1095 1948 1142 idem

453 1172 761 1226 obsecraret,
802 1177 859 1217 ut
901 1177 1272 1232 exspectarem,
1313 1185 1377 1215 ne
1418 1168 1646 1215 fortunas
1686 1185 1844 1225 meas,
1884 1185 1948 1216 ne

454 1249 657 1292 unicum
681 1244 855 1299 filium,
879 1260 942 1290 ne
967 1259 1104 1289 meos
1129 1258 1303 1289 omnes
1326 1250 1435 1289 tam
1458 1250 1656 1289 temere
1679 1242 1948 1305 proderem

454 1336 555 1366 non
593 1321 701 1365 sine
742 1334 926 1381 magno
967 1316 1093 1364 fletu
1134 1316 1369 1380 legerunt
1410 1319 1556 1379 pueri
1596 1319 1770 1363 nostri.
1839 1316 1949 1364 Etsi

454 1409 595 1440 meus
639 1392 845 1455 quidem
887 1399 965 1438 est
1006 1390 1203 1446 fortior,
1245 1407 1407 1453 eoque
1448 1394 1556 1453 ipso
1598 1389 1947 1438 vehementius

453 1473 757 1522 commovet,
780 1482 873 1512 nec
897 1468 1166 1528 quicquam
1190 1468 1283 1510 nisi
1307 1464 1372 1512 de
1395 1464 1690 1527 dignatione
1713 1463 1926 1512 laborat.

522 1541 757 1588 Melitam
782 1543 955 1603 igitur,
981 1538 1184 1594 deinde,
1211 1555 1310 1601 quo
1337 1538 1606 1585 videbitur.
1673 1538 1749 1584 Tu
1774 1545 1950 1585 tamen

455 1619 612 1662 etiam
627 1630 760 1661 nunc
776 1612 897 1660 mihi
916 1612 1103 1676 aliquid
1120 1612 1427 1668 litterarum,
1445 1619 1499 1658 et
1515 1614 1811 1668 maxima-si
1829 1611 1950 1675 quid

454 1690 519 1735 ab
535 1687 761 1735 Afranio.
831 1686 957 1750 Ego,
973 1689 1145 1733 sicum
1162 1685 1384 1732 Antonio
1400 1685 1595 1732 locutus
1614 1702 1719 1740 ero,
1733 1685 1950 1731 scribam

455 1763 520 1809 ad
550 1770 623 1818 te,
657 1760 778 1824 quid
810 1769 982 1807 actum
1012 1763 1093 1806 sit.
1164 1759 1264 1805 Ero
1296 1766 1472 1806 tamen
1504 1762 1555 1804 in
1586 1758 1860 1814 credendo,
1893 1765 1950 1805 ut

455 1852 646 1890 mones,
662 1842 838 1882 cautus
857 1849 868 1889 3
884 1850 1003 1880 nam
1017 1833 1302 1881 occultandi
1328 1836 1457 1879 ratio
1473 1850 1587 1879 cum
1613 1832 1821 1879 difficilis
1838 1839 1950 1879 tum

455 1913 612 1956 etiam
630 1908 908 1972 periculosa
929 1915 1021 1954 est.
1091 1906 1319 1954 Servium
1340 1914 1581 1969 exspecto
1601 1906 1665 1952 ad
1690 1906 1877 1962 Nonas,
1895 1912 1949 1953 et

455 1984 617 2047 adigit
659 1985 732 2029 ita
776 1981 1035 2028 Postumia
1079 1989 1132 2028 et
1177 1980 1376 2027 Servius
1422 1980 1564 2027 filius.
1634 1979 1950 2038 Quartanam

457 2057 694 2104 leviorem
749 2072 858 2103 esse
912 2055 1127 2119 gaudeo.
1201 2054 1317 2101 Misi
1373 2054 1437 2101 ad
1490 2062 1544 2102 te
1599 2053 1738 2101 Caeli
1792 2056 1947 2101 etiam

456 2130 741 2177 litterarum
768 2129 1072 2192 exemplum.

900 2276 1005 2323 IXa
1027 2300 1080 2317 =
1107 2276 1171 2323 ad
1194 2276 1312 2322 fam.
1341 2275 1465 2322 VIII
1493 2277 1565 2324 16.

925 2388 1122 2420 CAELms
1159 2388 1388 2419 CICERONI
1423 2387 1519 2419 SAL.

104 2474 199 2520 Scr.
245 2472 431 2520 Intimili
521 2471 852 2518 Exanimatus
881 2473 980 2516 tuis
1010 2469 1212 2525 litteris,
1241 2469 1420 2532 quibus
1449 2477 1503 2515 te
1532 2467 1652 2515 nihil
1681 2471 1771 2515 nisi
1801 2471 1949 2515 triste

107 2542 151 2587 X
164 2541 206 2587 V
227 2539 286 2586 K·
456 2549 681 2609 cogitare
702 2543 987 2600 ostendisti,
1007 2559 1192 2607 neque,
1212 2542 1264 2590 id
1285 2542 1406 2606 quid
1426 2550 1579 2599 esset,
1597 2544 1948 2606 perscripsisti,

106 2607 228 2654 Mai.
262 2623 306 2652 a.
341 2606 434 2654 705
460 2642 551 2687 314
