2014 3008
771 225 1054 273 MARCUS
1099 226 1400 275 TULLIUS
1445 228 1696 277 CICERO

488 352 707 415 aliquem
732 352 930 400 Balbus.
1001 353 1083 401 Ad
1107 371 1231 418 quos
1257 355 1526 412 videbitur,
1552 356 1704 404 velim
1729 374 1872 405 cures
1897 356 1978 405 lit-

487 436 622 476 teras
646 446 759 477 meo
784 432 999 478 nomine.
1070 431 1207 478 Vale.
1277 448 1369 478 xm
1399 432 1510 479 Kal.
1539 432 1644 480 Ian.

1193 653 1266 699 IX

971 765 1145 796 CICERO
1179 766 1352 797 ATTICO
1387 767 1484 798 SAL.

134 843 230 891 Ser.
551 845 661 910 Ego
692 863 808 893 vero
840 854 893 893 et
922 850 1142 904 incaute,
1174 855 1231 894 ut
1261 849 1450 904 scribis,
1481 855 1535 895 et
1564 848 1794 905 celerius,
1825 866 1976 913 quam

132 910 356 959 BrundiSi
382 911 469 957 ῙῙῙ
487 927 728 987 oportuit,
755 923 870 979 feci,
898 941 992 971 nec
1018 926 1070 970 in
1097 923 1198 970 ulla
1225 942 1336 972 sum
1364 942 1470 989 spe,
1498 929 1685 990 quippe
1714 929 1800 990 qui
1830 943 1976 973 exee-

133 978 189 1024 N
185 995 257 1024 ⁰⁷²·
283 978 387 1025 Ian·
486 1002 742 1065 ptionibus
762 1000 1041 1048 edictorum
1059 1004 1294 1048 retineat.
1363 1001 1508 1060 Quae
1527 1005 1567 1049 si
1587 1019 1688 1050 non
1707 1010 1880 1050 essent
1898 1020 1976 1050 se-

133 1062 177 1092 a'
202 1046 295 1095 707
486 1077 702 1125 dulitate
745 1076 955 1125 effectae
999 1085 1052 1125 et
1093 1079 1449 1126 benevolentia
1489 1086 1595 1136 tua,
1636 1079 1813 1127 liceret
1854 1079 1972 1126 mihi

485 1157 623 1202 abire
666 1158 718 1201 in
761 1154 1053 1202 solitudines
1097 1155 1302 1219 aliquas.
1372 1155 1518 1203 Nune
1560 1173 1625 1203 ne
1668 1156 1721 1204 id
1765 1156 1974 1220 quidem

482 1231 616 1279 licet.
685 1231 821 1291 Quid
851 1239 1024 1279 autem
1054 1249 1136 1279 me
1167 1235 1322 1290 iuvat,
1354 1233 1489 1297 quod
1519 1240 1640 1281 ante
1669 1235 1854 1280 initum
1886 1236 1972 1280 tri-

483 1310 731 1356 bunatum
777 1312 908 1366 veni,
954 1312 994 1356 si
1038 1312 1220 1373 ipsum,
1267 1309 1402 1374 quod
1447 1313 1578 1367 veni,
1626 1309 1749 1356 nihil
1795 1311 1974 1357 iuvat?

485 1386 594 1433 Iam
625 1386 744 1450 quid
775 1403 973 1450 sperem
1003 1388 1067 1434 ab
1099 1404 1175 1442 eo,
1207 1390 1290 1451 qui
1321 1386 1442 1434 mihi
1474 1390 1662 1434 amicus
1694 1404 1975 1451 numquam

483 1463 597 1519 fuit,
619 1481 734 1510 cum
755 1466 856 1510 iam
878 1463 991 1528 lege
1016 1467 1172 1511 etiam
1194 1467 1287 1511 sim
1309 1464 1569 1512 confectus
1593 1471 1646 1512 et
1669 1465 1973 1528 oppressus?

484 1541 682 1587 Cotidie
712 1544 814 1587 iam
844 1540 984 1588 Balbi
1018 1541 1083 1588 ad
1112 1558 1195 1588 me
1225 1541 1429 1589 litterae
1461 1541 1815 1605 languidiores,
1848 1540 1973 1588 mul-

483 1625 671 1682 taeque
694 1617 969 1665 multorum
993 1618 1058 1665 ad
1079 1617 1220 1664 illum
1245 1618 1458 1665 fortasse
1482 1625 1660 1665 eontra
1682 1635 1779 1666 me.
1851 1617 1973 1666 Meo

483 1698 605 1742 vitio
648 1710 829 1758 pereo3
891 1694 1011 1741 nihil
1055 1694 1175 1741 mihi
1221 1695 1338 1742 mali
1382 1712 1525 1742 casus
1569 1695 1761 1752 attulit,
1805 1698 1974 1742 omnia

483 1772 629 1835 eulpa
665 1778 927 1819 contracta
964 1779 1097 1819 sunt.
1166 1772 1276 1836 Ego
1315 1775 1466 1828 enim,
1505 1789 1619 1819 cum
1656 1789 1816 1837 genus
1853 1771 1969 1819 belli

483 1849 724 1905 viderem,
748 1852 998 1912 imparata
1023 1865 1078 1896 er
1100 1849 1299 1895 infirma
1325 1852 1492 1896 omnia
1516 1856 1692 1896 eontra
1715 1851 1970 1913 paratissi-

482 1943 606 1981 mos,
627 1932 923 1982 statueram,
944 1926 1065 1989 quid
1093 1925 1330 1982 facerem,
1345 1943 1681 1990 eeperamque
1712 1925 1973 1973 eonsilium

483 2020 582 2050 non
610 2010 718 2050 tam
746 2002 877 2050 forte
906 2020 1059 2066 quam
1086 2002 1207 2049 mihi
1235 2010 1439 2066 praeter
1465 2010 1662 2050 eeteros
1690 2003 1967 2051 conceden-

482 2080 619 2127 dum.
688 2079 826 2127 Cessi
850 2083 976 2127 meis
1003 2079 1082 2127 vel
1108 2083 1276 2143 potius
1302 2083 1459 2143 parui.
1530 2080 1608 2127 Ex
1635 2081 1815 2143 quibus
1842 2097 1970 2128 unus

483 2174 583 2220 qua
613 2164 788 2204 mente
819 2156 990 2213 fuerit,
1020 2160 1061 2204 is
1093 2173 1245 2220 quem
1277 2164 1335 2203 tu
1365 2156 1486 2203 mihi
1517 2156 1857 2214 commendas,
1888 2174 1978 2204 co-

483 2251 691 2297 gnosces
712 2250 775 2280 ex
794 2237 947 2297 ipsius
966 2233 1165 2290 litteris,
1185 2251 1309 2297 quas
1333 2233 1399 2280 ad
1421 2240 1476 2280 te
1502 2241 1556 2281 et
1581 2234 1646 2280 ad
1671 2233 1791 2280 alios
1816 2236 1972 2281 misit.

484 2310 622 2368 Quas
665 2327 760 2374 ego
802 2327 1079 2374 numquam
1121 2313 1446 2373 aperuissem,
1487 2313 1580 2357 nisi
1622 2326 1701 2357 res
1742 2317 1858 2357 acta
1899 2313 1976 2358 sic

486 2394 635 2433 esset.
704 2386 919 2434 Delatus
949 2394 1027 2433 est
1055 2387 1120 2433 ad
1146 2404 1228 2434 me
1257 2386 1535 2433 fasciculus.
1603 2385 1752 2443 Solvi,
1780 2389 1820 2434 si
1848 2386 1976 2450 quid

486 2463 550 2510 ad
573 2480 655 2509 me
683 2470 817 2510 esset
840 2462 1141 2510 litterarum.
1212 2462 1348 2509 Nihil
1376 2471 1502 2519 erat,
1529 2462 1745 2526 epistula
1770 2462 1974 2510 Vatinio

491 2547 544 2586 et
575 2540 779 2604 Ligurio
810 2539 982 2587 altera.
1054 2539 1181 2588 Iussi
1211 2539 1277 2587 ad
1307 2556 1391 2587 eos
1421 2539 1620 2588 deferri.
1689 2538 1766 2587 Illi
1798 2539 1862 2586 ad
1890 2555 1972 2586 me

484 2630 574 2689 378
