1988 3042
42 1001 139 1048 Ser.
164 1000 352 1049 Athenis

45 1068 203 1115 XVII
220 1068 281 1115 K.

43 1135 163 1182 Nov.
189 1152 232 1182 a.
258 1136 352 1186 704

766 329 838 376 M.
886 330 1098 377 TULLI
1144 330 1506 378 CICERONIS

646 405 1144 453 EPISTULARUM
1191 407 1290 453 AD
1336 407 1653 455 A'ITICUM

842 522 1046 571 LIBER
1089 522 1431 571 SEPTIMUS

1125 787 1148 833 I

878 909 1051 940 CICERO
1086 909 1259 940 ATTICO
1294 909 1391 941 SAL.

458 1001 714 1047 Dederam
744 1000 980 1064 equidem
1011 1000 1067 1047 L.
1099 999 1302 1047 Saufeio
1330 1000 1528 1048 litteras
1559 1007 1612 1048 et
1640 999 1884 1064 dederam

394 1075 459 1121 ad
486 1082 539 1121 te
570 1091 742 1131 unum,
773 1074 924 1137 quod,
953 1091 1069 1121 cum
1098 1090 1198 1121 non
1227 1081 1363 1122 esset
1391 1078 1638 1138 temporis
1667 1074 1788 1122 mihi
1820 1075 1885 1122 ad

393 1148 713 1194 scribendum
729 1150 869 1204 satis,
884 1154 1060 1194 tamen
1075 1146 1332 1194 hominem
1347 1148 1443 1194 tibi
1458 1155 1566 1195 tam
1584 1147 1885 1195 familiarem

391 1225 499 1268 sine
518 1224 642 1268 meis
662 1221 847 1268 litteris
870 1221 935 1268 ad
953 1228 1007 1268 te
1028 1225 1200 1268 venire
1221 1221 1484 1277 nolebam3
1521 1221 1629 1278 sed,
1650 1229 1707 1270 ut
1726 1220 1885 1285 philo-

392 1293 532 1357 sophi
558 1294 836 1350 ambulant,
859 1293 949 1341 has
972 1295 1068 1342 tibi
1090 1294 1348 1342 redditum
1371 1298 1433 1342 iri
1457 1295 1703 1358 putabam
1727 1299 1880 1359 prius.

393 1369 479 1415 Sin
510 1372 610 1414 iam
641 1368 748 1415 illas
781 1371 1038 1431 accepisti,
1070 1371 1165 1415 scis
1197 1385 1281 1415 me
1314 1368 1543 1416 Athenas
1577 1372 1773 1417 venisse
1806 1387 1882 1433 pr.

395 1443 513 1490 Idus
544 1442 809 1499 Octobres,
838 1458 867 1489 e
896 1446 1010 1489 navi
1040 1458 1301 1506 egressum
1330 1446 1382 1489 in
1411 1442 1648 1490 Piraeum
1675 1450 1790 1491 tuas
1820 1444 1885 1490 ab

394 1518 580 1563 Acasto
610 1523 781 1563 nostro
810 1516 1007 1563 litteras
1040 1519 1310 1579 accepisse,
1340 1517 1718 1574 conturbatum,
1750 1517 1886 1581 quod

393 1608 507 1637 cum
534 1590 675 1636 febre
704 1590 916 1637 Romam
943 1593 1181 1647 venisses,
1208 1591 1340 1637 bono
1367 1597 1543 1637 tamen
1571 1594 1739 1638 animo
1768 1607 1878 1639 esse

393 1667 632 1726 coepisse,
662 1663 796 1726 quod
824 1663 1040 1710 Acastus
1071 1680 1148 1720 ea,
1178 1679 1309 1727 quae
1338 1664 1537 1720 vellem,
1566 1664 1632 1711 de
1661 1664 1878 1713 allevato

393 1752 598 1799 corpore
639 1743 729 1783 tuo
771 1740 1048 1793 nuntiaret,
1089 1736 1403 1784 cohorruisse
1445 1744 1619 1784 autem
1659 1754 1743 1785 me
1785 1754 1846 1787 eo
1865 1739 1885 1770 1

395 1810 530 1873 quod
557 1816 678 1856 tuae
706 1809 910 1857 litterae
941 1810 1005 1857 de
1034 1810 1314 1874 legionibus
1346 1810 1573 1857 Caesaris
1605 1810 1886 1868 adferrent,

395 1892 448 1931 et
480 1887 642 1947 egisse
670 1890 859 1940 tecum,
890 1891 947 1930 ut
978 1883 1192 1941 videres,
1223 1899 1287 1930 ne
1319 1884 1440 1947 quid
1477 1886 1724 1947 φιλοτιμία
1759 1889 1883 1942 eius»,

395 1973 546 2020 quem
570 1960 719 2012 nosti,
743 1957 884 2003 nobis
909 1964 1136 2013 noceret,
1161 1964 1232 2013 et,
1257 1957 1321 2004 de
1347 1974 1445 2020 quo
1470 1961 1571 2004 iam
1594 1958 1794 2020 pridem
1819 1959 1885 2006 ad

392 2038 448 2077 te
482 2033 797 2092 scripseram,
831 2030 1103 2077 Turranius
1140 2037 1313 2077 autem
1347 2047 1489 2078 secus
1524 2031 1618 2078 tibi
1653 2031 1886 2079 Brundisi

394 2105 595 2151 dixerat
627 2103 785 2166 (quod
811 2119 875 2150 ex
900 2107 959 2150 iis
985 2103 1169 2151 litteris
1197 2107 1423 2167 cognovi,
1451 2121 1573 2167 quas
1602 2121 1631 2151 a
1657 2105 1887 2163 Xenone,

394 2180 585 2240 optimo
605 2180 726 2233 viro,
747 2177 956 2240 accepi),
975 2194 1064 2224 cur
1083 2176 1296 2224 fratrem
1315 2180 1601 2240 provinciae
1621 2195 1722 2225 non
1740 2195 1886 2241 prae-

395 2250 643 2306 fecissem,
680 2254 886 2312 exposui
923 2251 1163 2297 breviter.
1232 2251 1373 2297 Haec
1410 2250 1517 2297 fere
1554 2258 1672 2298 sunt
1709 2255 1760 2297 in
1796 2252 1880 2298 illa

396 2323 625 2386 epistula.
695 2323 840 2370 Nunc
863 2324 980 2371 audi
1001 2324 1210 2387 reliqua.

459 2396 556 2442 Per
587 2395 843 2444 fortunas!
895 2413 1096 2443 omnem
1127 2404 1275 2444 tuum
1307 2413 1548 2452 amorem,
1582 2414 1680 2460 quo
1713 2413 1795 2443 me
1830 2414 1881 2444 es

396 2469 673 2532 amplexuS,
687 2485 990 2533 omnemque
1004 2477 1146 2517 tuam
1160 2470 1501 2533 prudentiam,
1517 2486 1669 2533 quam
1687 2470 1882 2518 meher-

563 2563 580 2587 1
609 2576 677 2602 me
701 2576 751 2603 eo
777 2564 959 2615 Tyrrell;
1007 2577 1076 2604 me
1101 2565 1260 2613 MSS.;
1308 2578 1358 2604 eo
1385 2564 1516 2612 Koch,
1544 2564 1714 2605 Miiller.

398 2645 422 2675 2
