2014 3008
91 2463 187 2511 Sor.
201 2463 248 2510 in
259 2465 423 2513 castris

92 2531 277 2594 Pompei
301 2531 371 2578 Id.

90 2597 245 2650 Quint.
265 2615 308 2643 a.
329 2600 422 2650 706

737 219 1020 268 MARCUS
1065 219 1365 268 TULLIUS
1411 220 1661 270 CICERO

455 355 578 396 tuae
610 365 758 396 curae
790 348 1274 413 benevolentiaeque
1305 352 1547 413 permitto
1579 357 1632 398 et
1662 350 1791 399 illius
1823 368 1936 400 con-

455 426 563 472 silio
585 433 638 473 et
659 425 934 481 voluntati3
972 428 1051 473 cui
1071 429 1283 474 miserae
1303 426 1662 475 consuluissem
1682 428 1877 486 melius,
1897 432 1936 476 si

455 509 626 549 tecum
649 501 767 548 olim
790 519 957 549 coram
980 505 1147 566 potius
1172 519 1324 566 quam
1347 519 1437 566 per
1460 503 1656 552 litteras
1682 504 1746 552 de
1771 505 1934 554 salute

456 586 626 625 nostra
653 578 965 643 fortunisque
993 579 1411 628 deliberavissem.

519 655 670 714 Quod
684 673 839 720 negas
863 659 1190 720 praecipuum
1208 656 1329 703 mihi
1346 657 1502 705 ullum
1521 660 1572 705 in
1590 660 1936 708 communibus

456 732 780 780 incommodis
812 733 1122 797 impendere,
1151 737 1245 781 etsi
1274 737 1371 781 ista
1397 751 1476 782 res
1505 752 1604 782 non
1631 735 1754 782 nihil
1780 735 1936 784 habet

455 809 821 866 consolationis,
836 817 1010 857 tamen
1027 813 1181 857 etiam
1198 814 1467 875 praecipua
1481 812 1642 860 multa
1657 820 1791 870 sunt,
1808 831 1937 878 quae

455 893 513 932 tu
542 886 767 950 profecto
796 887 932 934 vides
963 895 1016 934 et
1044 890 1335 951 gravissima
1365 905 1472 936 esse
1502 896 1556 936 et
1584 906 1666 938 me
1695 890 1931 939 facillime

456 966 614 1010 vitare
633 967 867 1027 potuisse.
938 964 1012 1011 Ea
1028 971 1203 1011 tamen
1222 973 1370 1012 erunt
1389 969 1597 1024 minora,
1615 970 1672 1024 si,
1691 974 1748 1014 ut
1768 967 1930 1015 adhuc

456 1039 646 1087 factum
684 1047 778 1097 est,
816 1041 1247 1089 administratione
1286 1049 1339 1089 et
1376 1042 1640 1108 diligentia
1674 1051 1765 1091 tua
1801 1044 1929 1092 leva—

456 1117 656 1164 buntur.

521 1192 738 1241 Pecunia
776 1195 910 1259 apud
951 1196 1222 1260 Egnatium
1262 1204 1353 1244 est.
1422 1196 1498 1244 Sit
1535 1215 1565 1245 a
1602 1214 1701 1255 me,
1740 1206 1797 1246 ut
1837 1207 1928 1247 est.

456 1271 635 1335 Neque
655 1275 789 1319 enim
806 1272 915 1327 hoc,
935 1273 1069 1336 quod
1088 1277 1270 1337 agitur,
1291 1274 1487 1321 videtur
1506 1274 1799 1323 diuturnum
1819 1293 1927 1324 esse

454 1365 616 1412 posse,
653 1356 710 1396 ut
745 1352 869 1397 scire
906 1353 1005 1396 iam
1040 1354 1241 1413 possim,
1279 1351 1399 1415 quid
1434 1355 1653 1399 maxime
1690 1369 1813 1417 opus
1851 1357 1930 1401 sit.

454 1425 563 1472 Etsi
587 1442 713 1490 egeo
735 1427 883 1474 rebus
906 1428 1150 1483 omnibus,
1175 1428 1309 1491 quod
1329 1431 1369 1475 is
1393 1445 1592 1492 quoque
1614 1432 1666 1476 in
1689 1434 1932 1495 angustiis

455 1510 549 1559 est,
576 1506 777 1566 quicum
802 1519 1000 1560 sumus3
1043 1507 1121 1551 eui
1147 1522 1384 1568 magnam
1410 1506 1638 1553 dedimus
1664 1511 1933 1570 pecuniam

453 1587 700 1637 mutuam,
729 1584 992 1643 opinantes
1020 1582 1160 1628 nobis
1188 1585 1475 1629 constitutis
1502 1584 1651 1630 rebus
1681 1600 1794 1631 eam
1823 1601 1930 1633 rem

453 1659 607 1703 etiam
631 1655 804 1703 honori
827 1656 947 1704 fore.
1016 1657 1108 1714 Tu,
1133 1665 1189 1705 ut
1213 1666 1366 1706 antea
1387 1659 1569 1716 fecisti,
1593 1660 1760 1718 velim,
1783 1664 1822 1708 si
1848 1665 1929 1726 qui

452 1741 617 1790 erunt,
651 1734 716 1780 ad
749 1751 871 1798 quos
905 1734 1092 1798 aliquid
1124 1736 1442 1783 scribendum
1476 1754 1506 1783 a
1538 1753 1618 1784 me
1654 1741 1926 1796 existimes,

451 1813 556 1874 ipse
591 1811 835 1858 conficias.
903 1811 1020 1859 Tuis
1055 1812 1270 1860 salutem
1304 1813 1398 1860 dic.
1467 1813 1613 1870 Cura,
1650 1821 1707 1861 ut
1743 1815 1922 1863 valeas.

452 1887 510 1934 In
549 1890 718 1951 primis
754 1888 821 1945 id,
861 1889 996 1952 quod
1032 1890 1219 1946 scribis,
1259 1891 1486 1937 omnibus
1526 1891 1673 1938 rebus
1711 1908 1830 1938 cura
1867 1900 1920 1940 et

451 1964 670 2027 provide,
693 1981 755 2011 ne
779 1965 899 2028 quid
921 1968 966 2011 ei
989 1965 1135 2022 desit,
1157 1966 1220 2013 de
1244 1984 1343 2029 qua
1365 1970 1456 2014 scis
1479 1984 1559 2014 me
1589 1970 1919 2016 miserrimum

453 2057 574 2088 esse.
645 2041 814 2088 Idibus
845 2042 997 2089 Iuniis
1025 2059 1088 2090 ex
1115 2046 1303 2090 castris.

1154 2267 1222 2313 IV

931 2380 1103 2411 CICERO
1138 2380 1309 2411 ATTICO
1343 2380 1439 2413 SAL.

511 2460 694 2525 Accepi
732 2461 795 2508 ab
832 2460 1019 2508 Isidoro
1056 2461 1250 2509 litteras
1286 2470 1338 2509 et
1378 2470 1552 2525 postea
1587 2462 1731 2511 datas
1766 2464 1922 2511 binas.

448 2539 522 2584 Ex
559 2541 792 2602 proximis
826 2542 1031 2603 cognovi
1067 2539 1273 2603 praedia
1307 2556 1405 2587 non
1443 2543 1647 2588 venisse.
1720 2541 1924 2588 Videbis

444 2629 533 2688 358
