1988 3008
63 642 159 689 Scr.

63 709 229 772 Arpini
259 707 302 754 V

63 775 124 822 K.
152 775 294 839 Apra.

64 844 156 892 705

691 171 975 219 MARCUS
1018 171 1319 219 TULLIUS
1365 171 1617 220 CICERO

1065 450 1242 496 XVIII

899 562 1073 593 CICERO
1108 562 1281 593 ATTICO
1316 562 1413 593 SAL.

480 643 767 706 Utrumque
799 660 861 691 ex
893 651 983 690 ’cuo
1012 644 1243 703 consili03
1292 661 1409 690 nam
1440 650 1493 690 et
1524 646 1683 691 oratio
1714 642 1810 690 fuit
1842 659 1903 690 ea

415 727 603 777 nostra,
626 727 684 767 ut
706 722 838 767 bene
860 723 1029 783 potius
1050 720 1133 766 ille
1157 719 1222 766 de
1246 721 1388 767 nobis
1412 723 1726 767 existimaret
1750 735 1903 783 quam

416 801 605 862 gratias
626 804 820 861 ageret,
841 800 966 844 etin
986 813 1046 844 eo
1065 799 1359 853 mansimus,
1378 813 1443 844 ne
1464 796 1529 844 ad
1547 797 1741 844 urbem.
1812 795 1904 842 Illa

417 873 726 930 fefellerunt,
740 873 941 923 facilem
957 873 1092 937 quod
1105 880 1415 937 putaramus.
1454 872 1590 919 Nihil
1603 873 1705 920 vidi
1718 875 1899 919 minus.

414 952 659 999 Damnari
697 968 750 998 se
789 958 960 998 nostro
998 951 1200 1007 iudicio,
1238 950 1484 997 tardiores
1523 950 1629 997 fore
1668 949 1901 1013 reliquos,

410 1033 449 1075 si
469 1045 558 1075 nos
576 1045 677 1074 non
695 1031 996 1083 veniremus,
1015 1027 1198 1074 dicere.
1268 1027 1378 1091 Ego
1397 1026 1687 1073 dissimilem
1705 1025 1902 1073 illorum

411 1122 519 1152 esse
552 1121 769 1151 causam.
840 1104 968 1151 Cum
1000 1103 1178 1160 multa,
1212 1103 1239 1120 “
1264 1103 1390 1150 Veni
1425 1107 1580 1167 igitur
1613 1110 1666 1150 et
1699 1119 1794 1167 age
1827 1102 1891 1150 de

409 1180 586 1246 pace.’'
655 1180 681 1197 “
709 1179 950 1237 Meone,”
1014 1184 1237 1244 inquam,
1302 1179 1328 1196 “
1355 1180 1637 1227 arbitratu?
1664 1179 1692 1196 '’
1759 1179 1785 1195 “
1812 1179 1894 1226 An

409 1257 555 1314 tibi‚”
582 1261 764 1322 inquit,
792 1257 818 1274 “
845 1274 941 1322 ego
968 1257 1342 1321 praescribam?
1367 1255 1394 1272 '³
1463 1255 1490 1272 “
1515 1255 1648 1312 Sic,'’
1676 1259 1899 1319 inquam,

411 1335 438 1352 ‘⁴
463 1352 630 1399 agam,
673 1337 870 1382 senatui
915 1351 1015 1381 non
1056 1334 1256 1398 placere
1299 1337 1350 1380 in
1395 1333 1664 1397 Hispanias
1705 1336 1763 1378 iri
1807 1348 1900 1379 nec

411 1416 662 1460 exercitus
726 1415 778 1458 in
843 1411 1110 1458 Graeciam
1172 1414 1523 1474 transportari,
1587 1407 1901 1472 multaque,'’

412 1493 636 1553 inquam,
668 1488 693 1504 ‘⁸
720 1488 784 1535 de
816 1488 993 1535 Gnaeo
1024 1485 1348 1551 deplorabo.’'
1416 1487 1545 1534 Tum
1574 1485 1687 1534 ille:
1736 1485 1762 1502 “
1789 1485 1899 1550 Ego

410 1583 528 1613 vero
547 1568 645 1612 ista
664 1565 762 1612 dici
781 1563 948 1611 nolo.”
1017 1564 1043 1581 “
1071 1565 1152 1611 Ita
1170 1562 1467 1628 putabam,'’
1488 1566 1724 1627 inquam;
1762 1562 1788 1578 “
1814 1562 1904 1609 sed

412 1660 507 1707 ego
534 1659 595 1689 eo
621 1642 735 1689 nolo
762 1642 956 1698 adesse,
983 1641 1120 1705 quod
1145 1648 1234 1688 aut
1260 1644 1330 1687 sic
1355 1639 1476 1687 mihi
1503 1639 1774 1687 dicendum
1802 1645 1899 1695 est,

409 1718 690 1782 multaque,
710 1734 841 1782 quae
860 1717 996 1765 nullo
1015 1718 1165 1765 modo
1184 1733 1383 1781 possem
1403 1716 1567 1773 silere,
1586 1719 1625 1763 si
1646 1715 1893 1772 adessem,

411 1803 500 1844 aut
546 1813 646 1842 non
690 1794 1048 1842 veniendum.''
1116 1793 1322 1841 Summa
1368 1794 1481 1850 fuit,
1528 1800 1584 1840 ut
1630 1791 1712 1840 ille
1759 1795 1898 1855 quasi

412 1876 607 1919 exitum
638 1888 903 1936 quaerens,
935 1878 992 1918 ut
1022 1871 1370 1918 deliberarem.
1441 1869 1554 1917 Non
1585 1869 1681 1916 fuit
1713 1885 1900 1933 negan—

411 1950 546 1996 dum.
618 1949 699 1996 Ita
733 1948 1064 1996 discessimus.
1135 1947 1298 1994 Credo
1332 1949 1486 2011 igitur
1521 1945 1652 1993 hunc
1686 1962 1768 1993 me
1803 1962 1902 1992 non

411 2042 595 2073 amare.
665 2026 737 2072 At
757 2042 852 2090 ego
872 2042 954 2072 me
976 2027 1156 2081 amavi,
1176 2023 1311 2088 quod
1331 2023 1451 2071 mihi
1472 2026 1573 2070 iam
1592 2022 1789 2087 pridem
1809 2039 1900 2069 usu

411 2119 510 2150 non
535 2106 687 2149 venit.

475 2179 705 2242 Reliqua,
733 2195 762 2226 o
790 2178 866 2225 di!
896 2181 979 2242 qui
1008 2181 1295 2233 comitatus,
1325 2193 1472 2240 quae,
1501 2183 1558 2223 ut
1584 2182 1642 2223 tu
1670 2175 1797 2222 soles
1824 2176 1895 2222 di-

410 2273 543 2312 cere,
567 2256 745 2305 νέκυιαὲ
789 2258 839 2301 in
877 2272 976 2318 qua
1013 2262 1123 2302 erat
1157 2256 1276 2317 ἥρως
1302 2253 1460 2300 Celer.
1532 2252 1577 2300 O
1602 2269 1710 2300 rem
1735 2252 1898 2316 perdi-

411 2333 544 2379 tam!
612 2348 642 2379 o
665 2335 833 2395 copias
858 2331 1179 2395 desperatas!
1248 2329 1399 2390 Quid,
1426 2329 1560 2393 quod
1584 2327 1720 2376 Servi
1749 2328 1894 2384 filius,

412 2409 546 2472 quod
580 2408 732 2455 Titini
770 2412 820 2454 in
854 2411 912 2454 iis
947 2410 1123 2455 castris
1158 2407 1381 2462 fuerunt,
1417 2406 1597 2470 quibus
1633 2403 1901 2468 Pompeius

410 2485 889 2532 circumsederetur!
957 2483 1058 2532 Sex
1113 2484 1335 2549 legiones
1350 2498 1364 2540 ;
1435 2482 1651 2530 multum
1707 2481 1896 2546 vigilat,

413 2575 503 2632 264
