1988 3008
703 218 984 265 MARCUS
1029 218 1328 266 TULLIUS
1374 218 1624 267 CICERO

418 349 498 407 τῆς
544 347 777 396 πολιτείας
827 346 950 402 fore,
1001 353 1155 410 atque
1206 349 1360 393 etiam
1409 354 1558 410 putat
1609 363 1742 404 eum,
1791 364 1905 394 cum

420 419 636 465 audierit
665 426 840 466 contra
870 436 923 466 se
955 419 1225 483 diligenter
1253 423 1436 483 parari,
1466 420 1782 467 consulatum
1813 419 1906 467 hoc

421 509 552 539 anno
570 492 920 555 neglecturum
939 509 996 539 ac
1013 496 1181 556 potius
1201 496 1481 541 exercitum
1499 497 1905 557 provinciamque

419 572 752 612 retenturum.
821 565 907 612 Sin
958 573 1132 613 autem
1182 566 1265 613 ille
1317 566 1525 624 fureret,
1577 566 1908 614 vehementer

419 639 674 686 hominem
702 640 1064 687 contemnebat
1094 647 1148 687 et
1178 643 1277 687 suis
1308 648 1362 688 et
1390 643 1462 688 rei
1492 640 1723 704 publicae
1753 643 1907 704 copiis

419 712 720 760 confidebat.
805 712 941 771 Quid
977 714 1210 776 quaeris?
1267 717 1363 761 etsi
1409 713 1531 760 mihi
1566 715 1742 763 crebro
1778 714 1908 772 ξυνὸς

419 788 656 838 Ἐνυάλιος
691 787 1003 843 occurrebat,
1027 794 1204 834 tamen
1237 786 1442 835 levabar
1464 804 1583 835 cura
1617 791 1778 835 virum
1811 786 1907 834 for—

419 868 527 908 tem
565 868 618 907 et
654 863 875 924 peritum
913 868 967 908 et
1003 861 1275 925 plurimum
1312 865 1616 910 auctoritate
1653 862 1908 909 valentem

422 935 629 982 audiens
657 938 903 986 πολιτικῶς
932 935 996 982 de
1030 939 1167 999 pacis
1197 936 1463 983 simulatae
1492 935 1726 999 periculis
1756 935 1909 982 disse-

421 1017 634 1056 rentem.
704 1009 1032 1056 Habebamus
1056 1017 1230 1057 autem
1251 1013 1303 1056 in
1325 1011 1557 1058 manibus
1581 1010 1773 1057 Antoni
1795 1026 1909 1058 con-

419 1088 612 1131 tionem
634 1083 862 1130 habitam
885 1100 917 1130 x
941 1083 1053 1131 Kal.
1082 1084 1281 1131 Ianuar.
1289 1120 1301 1142 ‚
1324 1088 1376 1131 in
1400 1101 1501 1148 qua
1524 1091 1635 1132 erat
1658 1087 1911 1132 accusatio

421 1157 630 1222 Pompei
643 1174 803 1222 usque
819 1175 848 1204 a
861 1165 984 1222 toga
1006 1175 1150 1221 pura,
1165 1158 1372 1222 querela
1386 1159 1450 1206 de
1465 1159 1736 1215 damnatiS‚
1749 1166 1912 1206 terror

422 1250 687 1280 armorum.
723 1232 782 1278 In
801 1233 981 1296 quibus
997 1232 1080 1279 ille
1099 1231 1126 1249 “
1152 1232 1288 1292 Quid
1304 1231 1531 1290 censeS,'’
1550 1233 1738 1289 aiebat,
1755 1231 1783 1249 “
1807 1231 1909 1279 fac-

420 1314 591 1354 turum
630 1323 739 1353 esse
777 1309 959 1370 ipsum,
998 1309 1038 1353 si
1075 1310 1127 1353 in
1164 1310 1531 1370 possessionem
1567 1309 1641 1354 rei
1678 1305 1911 1370 publicae

420 1384 633 1438 venerit,
672 1397 787 1427 cum
824 1380 950 1427 haec
990 1388 1229 1444 quaestor
1268 1384 1374 1428 eius
1412 1381 1637 1429 infirmus
1677 1387 1731 1427 et
1768 1382 1911 1444 inops

423 1455 610 1502 audeat
630 1455 832 1502 dicere?
858 1453 885 1470 ’'
954 1454 1090 1513 Quid
1109 1455 1305 1502 multa?
1345 1471 1446 1502 non
1466 1454 1617 1502 modo
1637 1470 1738 1501 non
1760 1470 1910 1518 expe—

421 1536 531 1576 tere
550 1545 729 1592 pacem
746 1532 914 1585 istam,
934 1529 1024 1576 sed
1042 1532 1199 1576 etiam
1216 1532 1399 1576 timere
1418 1531 1550 1576 visus
1570 1535 1663 1576 est.
1732 1527 1811 1575 Ex
1828 1528 1913 1576 illa

423 1610 597 1650 autem
611 1605 867 1649 sententia
886 1603 980 1650 ἰδέα
995 1602 1014 1631 1
1032 1602 1396 1666 relinquendae
1412 1603 1548 1650 urbis
1565 1608 1738 1649 movet
1755 1600 1913 1649 homi-

421 1693 557 1733 nem,
582 1683 640 1723 ut
665 1683 805 1739 puto.
878 1675 1007 1722 Mihi
1034 1683 1208 1723 autem
1232 1676 1357 1723 illud
1381 1676 1790 1724 molestissimum
1818 1684 1911 1728 est,

423 1751 559 1814 quod
585 1750 807 1798 solvendi
837 1757 955 1797 sunt
982 1754 1175 1797 nummi
1204 1750 1405 1797 Caesari
1436 1757 1490 1797 et
1516 1753 1912 1797 instrumentum

422 1824 662 1888 triumphi
698 1840 758 1871 eo
799 1823 1174 1871 conferendum.
1244 1825 1337 1872 Est
1374 1828 1508 1871 enim
1542 1826 1761 1889 ἄμορφον
1791 1829 1909 1873 ἀντι-

420 1899 777 1958 πολιτευομένου
801 1899 1145 1961 χρεωφειλέτην
1182 1915 1306 1945 esse.
1377 1898 1477 1945 Sed
1514 1897 1638 1945 haec
1665 1907 1719 1948 et
1755 1898 1916 1946 multa

423 1974 518 2020 alia
540 1988 721 2018 coram.

914 2206 1087 2237 CICERO
1122 2206 1296 2237 ATTICO
1332 2207 1428 2239 SAL.

77 2295 172 2343 Ser.
197 2295 243 2341 in
491 2286 519 2304 “
545 2286 860 2343 Cotidiene‚”
903 2290 1084 2350 inquis,
1128 2286 1154 2303 “
1181 2304 1210 2334 a
1251 2295 1305 2334 te
1348 2287 1670 2351 accipiendae
1712 2287 1916 2335 litterae

76 2362 321 2409 Formiano
366 2361 410 2408 V
429 2363 579 2409 sunt?
605 2359 631 2376 ''
700 2360 750 2406 Si
771 2360 988 2416 habebo,
1011 2363 1089 2407 cui
1113 2361 1247 2418 dem,
1269 2362 1469 2408 cotidie.
1541 2361 1566 2378 ‘⁶
1592 2362 1664 2409 At
1686 2365 1786 2408 iam
1807 2365 1914 2424 ipse

79 2435 156 2474 aul
180 2427 211 2472 Ῑ
215 2427 260 2474 V
279 2426 327 2472 K
331 2464 340 2473 ·
431 2436 564 2482 adeS.
575 2434 602 2450 ''
636 2435 764 2481 Tum
780 2437 951 2498 igitur,
968 2451 1082 2480 cum
1098 2451 1300 2491 venero,
1317 2435 1558 2482 desinam.
1610 2435 1751 2482 Unas
1766 2434 1912 2482 video

80 2494 181 2540 Ian'
207 2511 249 2539 α’
276 2495 368 2543 704
516 2534 531 2556 ¹
559 2532 647 2574 ἰδέα
674 2532 889 2573 Schmidt:
935 2534 952 2570 ἲ
979 2532 1031 2571 M
1043 2547 1054 2580 3
1100 2534 1176 2580 ita,
1206 2533 1294 2581 viv,
1323 2533 1399 2582 nis,
1429 2534 1541 2573 inira
1568 2533 1677 2574 other
1707 2533 1838 2574 MSS.

428 2611 487 2667 46
