1988 3008
702 227 985 276 MARCUS
1029 224 1332 274 TULLIUS
1380 223 1632 272 CICERO

422 359 555 406 idem
575 357 843 420 Pompeius
859 356 1029 402 faciat.
1098 354 1198 413 Qui
1217 361 1274 401 ut
1292 353 1473 400 adduci
1490 352 1580 399 tali
1596 360 1826 416 tempore
1845 351 1909 398 ad

419 443 572 489 ullam
607 441 953 488 condicionem
990 441 1164 502 possit,
1201 440 1361 501 magis
1398 443 1519 500 opto
1556 452 1709 499 quam
1745 451 1907 498 spero.

418 525 536 580 Sed,
559 542 674 572 curn
698 526 984 571 constiterit
1009 529 1062 569 et
1086 525 1267 568 timere
1293 521 1516 576 desierit,
1540 527 1651 566 tum
1674 521 1909 582 incipiam

417 626 518 655 non
534 609 803 671 desperare
820 614 963 654 tuam
980 609 1339 652 auctoritatem
1354 604 1624 668 plurimum
1641 602 1776 667 apud
1793 619 1908 650 eum

417 692 698 739 valituram.

481 776 631 835 Quod
654 774 930 822 Lentulum
951 773 1208 821 consulem
1231 789 1401 820 meum
1424 771 1621 819 voluisti
1644 770 1726 818 hic
1748 787 1907 818 rema-

417 876 555 915 nere,
582 859 784 906 Caesari
809 865 1031 923 gratum,
1056 857 1175 904 mihi
1205 873 1322 904 vero
1346 859 1688 921 gratissimum
1713 855 1909 902 medius

418 943 562 990 fidius
593 943 773 990 fecisti.
843 941 974 988 Nam
1003 941 1143 988 illum
1172 944 1303 987 tanti
1334 939 1481 996 facio,
1512 947 1569 987 ut
1599 956 1699 986 non
1728 939 1908 986 Caesa-

418 1044 524 1074 rem
553 1030 714 1091 magis
743 1026 966 1090 diligam.
1035 1025 1134 1084 Qui
1165 1028 1204 1072 si
1233 1041 1408 1088 passus
1437 1031 1574 1071 esset
1601 1041 1691 1071 nos
1720 1040 1908 1080 secum,

416 1119 472 1158 ut
506 1127 944 1166 consueveramus,
977 1110 1109 1173 loqui
1147 1116 1200 1156 et
1233 1126 1333 1156 non
1366 1125 1419 1156 se
1452 1115 1620 1155 totum
1654 1111 1810 1155 etiam
1844 1108 1908 1154 ab

416 1211 646 1242 sermone
680 1201 851 1242 nostro
883 1197 1167 1249 avertisset,
1200 1196 1363 1240 minus
1396 1196 1563 1248 miser,
1596 1209 1748 1256 quam
1780 1209 1908 1248 sum,

417 1296 594 1326 essem.
665 1279 796 1326 Nam
816 1295 938 1326 cave
959 1285 1109 1342 putes
1130 1277 1225 1325 hoc
1246 1285 1476 1341 tempore
1499 1277 1608 1341 plus
1632 1294 1711 1324 me
1734 1293 1907 1341 quem·

415 1380 567 1427 quam
588 1366 815 1419 cruciari,
836 1362 972 1426 quod
993 1376 1128 1418 eum,
1150 1378 1303 1426 quem
1325 1369 1445 1408 ante
1466 1377 1548 1408 me
1570 1360 1741 1424 diligo,
1762 1360 1908 1408 video

417 1451 468 1494 in
513 1447 774 1494 consulatu
823 1446 1018 1510 quidvis
1066 1449 1232 1509 potius
1280 1462 1388 1492 esse
1436 1462 1588 1509 quam
1633 1444 1904 1492 consulem.

415 1530 604 1589 Quodsi
630 1531 844 1577 voluerit
865 1531 957 1577 tibi
982 1531 1336 1593 obtemperare
1361 1537 1415 1576 et
1438 1530 1579 1576 nobis
1603 1529 1666 1576 de
1691 1528 1906 1576 Caesare

414 1615 621 1662 credere
646 1622 699 1661 et
722 1614 1037 1661 consulatum
1062 1614 1311 1677 reliquum
1335 1613 1525 1660 Romae
1550 1629 1812 1677 peragere,
1835 1616 1906 1660 in-

413 1702 596 1762 cipiam
622 1715 824 1762 sperare
851 1702 1007 1745 etiam
1032 1698 1236 1744 consilio
1262 1705 1468 1744 senatus
1495 1704 1700 1744 auctore
1726 1704 1798 1753 te,
1823 1697 1907 1744 illo

415 1783 631 1830 relatore
685 1781 980 1846 Pompeium
1032 1789 1086 1829 et
1136 1781 1405 1829 Caesarem
1455 1784 1689 1846 coniungi
1743 1797 1904 1845 posse.

415 1867 563 1925 Quod
597 1871 633 1913 si
671 1867 863 1914 factum
898 1869 1011 1922 erit,
1045 1883 1127 1913 me
1163 1869 1284 1913 satis
1319 1868 1501 1913 vixisse
1537 1866 1742 1929 putabo,

481 1951 691 1997 Factum
718 1951 944 1997 Caesaris
971 1950 1033 1997 de
1061 1949 1277 1997 Corfinio
1302 1956 1471 1996 totum
1495 1957 1548 1997 te
1574 1950 1902 2013 probaturum

415 2039 544 2082 scio:
580 2043 650 2091 et,
683 2051 782 2098 quo
814 2034 963 2081 modo
995 2037 1046 2080 in
1078 2037 1184 2080 eius
1216 2033 1351 2081 modi
1382 2050 1455 2090 re,
1485 2033 1794 2085 commodius
1825 2050 1905 2080 ca-

415 2119 534 2166 dere
556 2136 654 2165 non
682 2123 866 2182 potuit,
886 2135 1037 2182 quam
1066 2126 1121 2164 ut
1146 2134 1225 2165 res
1250 2121 1356 2164 sine
1382 2120 1626 2182 sanguine
1645 2117 1902 2165 confieret.

414 2202 555 2249 Balbi
586 2205 685 2250 mei
717 2205 894 2266 tuique
926 2202 1147 2249 adventu
1179 2201 1491 2249 delectatum
1522 2208 1576 2248 te
1606 2200 1752 2248 valde
1781 2217 1903 2265 gau·

414 2286 525 2333 deo.
597 2286 645 2333 Is
671 2302 1020 2350 quaecumque
1046 2287 1139 2333 tibi
1166 2285 1230 2333 de
1256 2285 1471 2333 Caesare
1497 2284 1643 2339 dixit,
1669 2301 1903 2349 quaeque

414 2369 598 2416 Caesar
636 2372 848 2433 scripsit,
886 2373 1004 2424 scio,
1042 2386 1095 2416 re
1133 2370 1223 2416 tibi
1264 2370 1513 2432 probabit.
1553 2385 1903 2433 quaecumque

416 2452 616 2500 fortuna
645 2455 750 2500 eius
779 2452 949 2511 fuerit,
978 2456 1232 2500 verissime
1261 2456 1529 2517 scripsisse.

415 2635 500 2681 170
