1988 3008
698 264 982 312 MARCUS
1027 263 1329 312 TULLIUS
1374 263 1624 312 CICERO

421 393 558 457 quod
584 394 648 441 ab
674 409 735 440 eo
760 410 862 440 non
885 399 1103 448 metuas,
1129 395 1215 455 qui
1239 392 1323 438 illa
1347 392 1541 456 templa
1565 399 1619 439 et
1642 399 1786 440 tecta
1809 409 1910 439 non

414 471 648 531 patriam,
670 467 760 515 sed
779 467 1022 531 praedam
1041 467 1226 530 putet?
1266 465 1401 524 Quid
1422 473 1597 513 autem
1617 468 1682 513 sit
1703 473 1906 513 acturus

418 549 506 588 aut
526 558 625 605 quo
644 541 812 596 modo,
831 543 1017 596 nescio,
1037 543 1143 586 sine
1164 547 1363 596 senatu,
1382 543 1489 586 sine
1508 540 1889 603 magistratibus

417 615 493 661 Ne
542 614 775 661 simulare
825 614 1031 677 quidem
1079 616 1270 676 poterit
1323 616 1592 677 quicquam
1643 616 1904 664 πολιτικῶς.

416 688 517 734 Nos
559 695 733 735 autem
774 688 860 735 ubi
902 703 1174 751 exsurgere
1216 690 1493 750 poterimus
1535 693 1625 733 aut
1666 685 1906 750 quando?

413 762 640 820 Quorum
676 762 779 809 dux
816 778 969 825 quam
1005 762 1375 823 ἀστρατήγητος,
1411 768 1470 807 tu
1505 777 1708 824 quoque
1751 763 1908 807 anim-

413 836 652 893 advertis,
682 839 761 882 cui
791 852 856 883 ne
886 834 1073 882 Picena
1102 835 1308 899 quidem
1338 841 1460 881 nota
1488 833 1707 889 fuerint;
1755 851 1908 897 quam

413 917 587 957 autem
607 913 713 957 sine
732 909 955 966 consilio,
973 926 1053 956 res
1072 912 1234 957 testis.
1305 908 1380 956 Ut
1400 911 1535 956 enim
1555 908 1652 955 alia
1670 911 1906 955 omittam

411 983 590 1031 decem
606 1000 851 1030 annorum
866 990 1098 1046 peccata,
1115 999 1245 1046 quae
1262 982 1489 1030 condicio
1505 999 1606 1029 non
1620 981 1738 1029 huic
1754 981 1907 1047 fugae

411 1058 703 1121 praestitit?
771 1058 878 1104 Nec
901 1074 1037 1114 vero,
1062 1074 1194 1104 nunc
1219 1057 1341 1120 quid
1363 1059 1575 1120 cogitet,
1599 1058 1701 1103 scio
1725 1072 1784 1102 ac
1806 1072 1907 1103 non

412 1132 586 1178 desino
633 1148 724 1195 per
770 1131 968 1178 litteras
1015 1134 1272 1178 sciscitari.
1342 1130 1477 1177 Nihil
1525 1147 1634 1177 esse
1681 1130 1908 1178 timidius

411 1212 629 1261 constat,
659 1204 782 1251 nihil
811 1205 1173 1268 perturbatius.
1244 1204 1427 1267 Itaque
1458 1220 1552 1251 nec
1582 1204 1905 1267 praesidium,

414 1282 553 1326 cuius
573 1279 785 1342 parandi
804 1295 956 1326 causa
976 1278 1041 1325 ad
1060 1279 1240 1325 urbem
1258 1285 1491 1325 retentus
1512 1285 1608 1334 est,
1628 1294 1723 1324 nec
1741 1277 1907 1325 locum

414 1371 471 1400 ac
491 1354 665 1400 sedem
685 1353 922 1416 praesidii
941 1352 1095 1400 ullam
1114 1353 1276 1400 video.
1316 1351 1440 1415 Spes
1461 1354 1620 1398 omnis
1639 1354 1691 1398 in
1711 1351 1906 1398 duabus

414 1428 648 1475 insidiose
700 1430 915 1474 retentis
966 1443 1131 1490 paene
1184 1426 1358 1473 alienis
1409 1425 1706 1489 legionibus.
1777 1426 1908 1472 Nam

413 1502 628 1549 dilectus
658 1501 822 1548 adhuc
851 1501 1058 1564 quidem
1084 1503 1357 1547 invitorum
1386 1507 1465 1547 est
1493 1507 1547 1546 et
1577 1516 1606 1546 a
1632 1499 1907 1563 pugnando

413 1575 806 1622 abhorrentium.
857 1574 1220 1622 Condicionum
1246 1581 1419 1621 autem
1444 1577 1682 1620 amissum
1705 1581 1908 1637 tempus

416 1657 510 1697 est.
547 1649 683 1708 Quid
701 1648 929 1696 futurum
948 1652 1031 1706 sit,
1049 1665 1150 1696 non
1168 1649 1314 1696 video
1331 1665 1343 1705 ;
1361 1651 1682 1696 commissum
1700 1648 1906 1711 quidem

414 1741 444 1770 a
471 1724 613 1770 nobis
641 1730 780 1770 certe
810 1730 888 1770 est
916 1726 1019 1770 sive
1048 1740 1078 1769 a
1105 1730 1276 1770 nostro
1305 1723 1451 1779 duce,
1479 1730 1537 1769 ut
1565 1738 1593 1769 e
1620 1729 1772 1786 portu
1799 1725 1905 1770 sine

412 1798 764 1863 gubernaculis
800 1801 986 1862 egressi
1021 1801 1320 1861 tempestati
1354 1813 1444 1844 nos
1477 1797 1809 1845 traderemus.

478 1875 661 1938 Itaque
694 1874 758 1922 de
792 1874 1117 1921 Ciceronibus
1149 1877 1333 1921 nostris
1366 1873 1544 1921 dubito
1576 1873 1698 1937 quid
1731 1888 1907 1937 agam3

414 1966 532 1995 nam
549 1948 672 1995 mihi
689 1948 946 1996 interdum
965 1948 1270 1995 amandandi
1287 1947 1524 1995 videntur
1541 1950 1592 1994 in
1611 1948 1879 1995 Graeciam
1895 1963 1907 2003 ;

414 2024 478 2071 de
509 2024 672 2071 Tullia
702 2031 877 2071 autem
908 2030 962 2070 et
991 2023 1249 2079 Terentia,
1280 2039 1395 2070 cum
1425 2021 1547 2069 mihi
1577 2023 1905 2070 barbarorum
1986 2035 1988 2061 ῑ

415 2099 663 2146 adventus
697 2098 763 2146 ad
794 2099 973 2145 urbem
1006 2100 1320 2161 proponitur,
1353 2099 1522 2144 omnia
1553 2099 1740 2152 timeo3
1789 2113 1905 2144 cum

415 2180 588 2219 autem
618 2172 915 2219 Dolabellae
943 2175 1084 2219 venit
1110 2175 1162 2218 in
1189 2178 1435 2227 mentem,
1462 2170 1670 2234 paulum
1696 2173 1902 2234 respiro.

413 2245 514 2293 Sed
540 2246 691 2293 velim
717 2245 1020 2302 consideres,
1047 2245 1169 2308 quid
1195 2244 1484 2292 faciendum
1510 2251 1660 2307 putes
1686 2246 1905 2307 primum

410 2321 525 2381 πρὸς
553 2320 607 2367 τὸ
639 2320 858 2381 ἀσφαλές
891 2319 1059 2382 (aliter
1092 2322 1226 2365 enim
1258 2318 1379 2365 mihi
1413 2318 1477 2365 de
1508 2317 1604 2364 illis
1636 2334 1694 2364 ac
1726 2317 1790 2365 de
1823 2334 1906 2365 me

417 2396 524 2456 ipso
544 2392 906 2439 consulendum
928 2393 1044 2455 est),
1066 2392 1249 2439 deinde
1272 2392 1337 2439 ad
1356 2394 1632 2455 opiniones,
1653 2407 1717 2438 ne
1737 2407 1906 2454 repre-

414 2465 712 2523 hendamur,
734 2466 871 2530 quod
893 2483 978 2513 eas
1000 2467 1191 2513 Romae
1214 2466 1423 2513 velimus
1447 2482 1556 2513 esse
1577 2468 1630 2512 in
1650 2468 1904 2512 communi
1986 2486 1988 2518 5

411 2541 657 2587 bonorum
676 2539 812 2604 fuga.
881 2539 1017 2598 Quin
1037 2543 1194 2587 etiam
1212 2540 1307 2587 tibi
1327 2547 1380 2586 et
1401 2538 1666 2586 Peducaeo
1686 2538 1906 2602 (scripsit

413 2617 548 2726 {nim
578 2614 644 2660 ad
672 2614 794 2675 me),
825 2614 946 2676 quid
976 2613 1191 2669 faciatis,
1222 2613 1495 2661 videndum
1525 2620 1617 2661 est.
1689 2613 1738 2661 Is
1768 2616 1903 2660 enim

444 2697 469 2727 2
