1988 3008
74 595 170 643 Sor.
207 597 254 643 in
289 596 332 642 F
331 614 401 643 or-

73 663 225 709 miano
255 663 326 710 VI

74 736 153 775 aut
182 729 304 776 VK.

74 795 176 842 Ian.
205 813 248 843 α.
278 798 370 846 704

706 217 988 265 MARCUS
1032 217 1332 266 TULLIUS
1380 217 1631 266 CICERO

1105 401 1230 448 VIII

909 514 1084 544 CICERO
1118 514 1291 544 ATTICO
1326 515 1422 546 SAL.

489 594 623 653 Quid
655 611 779 658 opus
812 603 890 642 est
922 595 985 642 de
1019 595 1262 659 Dionysio
1293 603 1401 642 tam
1434 595 1578 643 valde
1611 595 1912 643 adfirmare?

426 670 507 714 An
529 669 649 715 mihi
673 676 825 716 nutus
848 676 966 715 tuus
989 686 1089 715 non
1112 669 1305 716 faceret
1328 670 1514 716 fidem?
1570 669 1914 733 Suspicionem

426 750 598 789 autem
636 759 696 789 eo
732 743 853 789 mihi
890 746 1131 789 maiorem
1168 750 1258 789 tua
1295 746 1614 790 taciturnitas
1651 743 1914 799 attulerat,

426 817 560 880 quod
597 825 651 864 et
686 824 744 863 tu
782 817 909 863 soles
946 817 1292 880 conglutinare
1331 820 1576 864 amicitias
1612 819 1914 864 testimoniis

425 896 542 948 tuis,
566 900 620 939 et
641 892 781 939 illum
805 893 950 939 aliter
972 909 1086 939 cum
1112 892 1218 938 aliis
1242 892 1305 938 de
1329 893 1472 939 nobis
1494 892 1720 939 locutum
1744 892 1914 938 audie-

424 969 556 1014 bam.
626 967 726 1014 Sed
742 984 942 1031 prorsus
959 970 1033 1013 ita
1051 983 1178 1022 esse,
1196 973 1254 1013 ut
1273 967 1463 1021 scribis,
1481 965 1601 1012 mihi
1619 966 1908 1030 persuades.

426 1043 607 1106 Itaque
633 1059 728 1106 ego
750 1045 791 1088 is
813 1045 865 1088 in
886 1041 1026 1088 illum
1051 1058 1178 1096 sum,
1203 1057 1355 1105 quem
1378 1048 1435 1088 tu
1458 1058 1540 1088 me
1565 1058 1674 1088 esse
1698 1044 1785 1088 vis.

488 1120 640 1166 Diem
670 1126 816 1166 tuum
849 1135 944 1182 ego
977 1134 1177 1181 quoque
1210 1134 1273 1164 ex
1306 1117 1522 1180 epistula
1554 1117 1773 1181 quadam
1804 1124 1911 1173 tua,

424 1210 576 1257 quam
599 1196 871 1256 incipiente
897 1191 1140 1239 febricula
1163 1194 1449 1254 scripseras,
1474 1190 1595 1238 mihi
1620 1198 1914 1238 notaveram

424 1275 477 1314 et
507 1267 961 1314 animadverteram
988 1282 1134 1329 posse
1163 1282 1253 1329 pro
1280 1282 1335 1312 re
1364 1273 1487 1312 nata
1514 1273 1568 1312 te
1597 1282 1697 1312 non
1725 1268 1911 1312 incom-

422 1341 570 1387 mode
607 1340 671 1387 ad
705 1356 787 1386 me
822 1343 872 1386 in
908 1340 1163 1386 Albanum
1198 1342 1368 1386 venire
1405 1355 1464 1385 111
1502 1339 1671 1386 Nonas
1708 1339 1906 1386 Ianuar.

422 1414 539 1470 Sed,
571 1415 750 1461 amabo
780 1422 852 1470 te,
883 1413 1004 1460 nihil
1035 1413 1352 1460 incommodo
1384 1413 1685 1460 valetudinis
1716 1412 1910 1460 feceris.

422 1489 556 1546 Quid
582 1492 715 1536 enim
741 1496 820 1535 est
844 1495 1046 1535 tantum
1075 1491 1126 1533 in
1151 1504 1252 1534 uno
1278 1495 1367 1534 aut
1393 1487 1552 1534 altero
1578 1487 1695 1534 die?

486 1563 802 1610 Dolabellam
834 1563 980 1609 video
1015 1562 1187 1608 Liviae
1220 1568 1535 1608 testamento
1567 1578 1683 1607 cum
1715 1560 1912 1608 duobus

420 1637 750 1684 coheredibus
772 1653 881 1683 esse
901 1640 952 1682 in
971 1639 1179 1692 triente,
1199 1636 1289 1683 sed
1310 1637 1472 1682 iuberi
1492 1642 1691 1683 mutare
1711 1651 1911 1683 nomen.

422 1711 513 1757 Est
542 1712 781 1759 πολιτικὸν
805 1712 1011 1773 σκέμμα,
1035 1717 1299 1757 rectumne
1325 1713 1390 1757 sit
1415 1709 1568 1757 nobili
1603 1709 1912 1757 adulescenti

421 1792 618 1831 mutare
644 1801 830 1832 nomen
853 1785 1076 1831 mulieris
1102 1792 1429 1832 testamento.
1500 1783 1601 1831 Sed
1634 1783 1687 1831 id
1712 1788 1913 1846 φιλοσο-

421 1862 627 1922 φώτερον
660 1859 1053 1922 διευκρινήσομεν,
1077 1875 1192 1906 cum
1226 1861 1458 1915 sciemus,
1493 1865 1741 1922 quantum
1774 1861 1912 1923 quasi

422 1937 487 1980 sit
508 1937 560 1980 in
580 1936 780 1980 trientis
802 1936 1007 1981 triente.

486 2008 635 2066 Quod
677 2011 866 2070 putasti
911 2007 1018 2054 fore
1062 2015 1138 2065 ut,
1181 2015 1458 2071 antequam
1500 2010 1629 2054 istuc
1672 2010 1913 2063 venirem,

425 2081 719 2144 Pompeium
746 2081 987 2138 viderem,
1014 2081 1208 2128 factum
1235 2088 1314 2128 est
1339 2084 1442 2137 ita3
1484 2098 1602 2128 nam
1627 2097 1678 2127 vl
1709 2081 1821 2128 Kal.
1851 2081 1916 2128 ad

426 2156 726 2202 Lavernium
744 2171 825 2201 me
843 2163 1141 2202 consecutus
1160 2163 1253 2203 est.
1315 2155 1432 2202 Una
1449 2155 1671 2201 Formias
1687 2157 1914 2202 venimus

425 2238 478 2276 et
525 2230 588 2276 ab
635 2228 758 2275 hora
804 2236 983 2275 octava
1030 2229 1095 2276 ad
1136 2245 1403 2292 vesperum
1451 2236 1648 2276 secreto
1683 2228 1912 2275 collocuti

425 2320 608 2350 sumus.
678 2301 828 2360 Quod
851 2306 1067 2365 quaeris,
1093 2319 1284 2366 ecquae
1310 2319 1424 2366 spes
1448 2302 1809 2366 pacificationis
1833 2305 1914 2359 sit,

426 2384 672 2440 quantum
698 2393 761 2423 ex
788 2375 994 2439 Pompei
1020 2376 1182 2423 multo
1208 2384 1262 2423 et
1287 2383 1524 2423 accurato
1549 2392 1778 2423 sermone
1803 2393 1914 2440 per·

427 2454 585 2514 spexi,
615 2467 677 2496 ne
707 2450 937 2497 voluntas
967 2450 1172 2513 quidem
1203 2459 1295 2497 est.
1365 2450 1444 2496 Sic
1475 2452 1608 2496 enim
1638 2452 1913 2506 existimat,

427 2529 464 2571 si
495 2525 573 2570 ille
603 2524 681 2570 vel
705 2524 905 2570 dimisso
935 2527 1160 2571 exercitu
1185 2524 1354 2571 consul
1383 2523 1547 2571 factus
1575 2527 1657 2580 sit,
1682 2525 1915 2589 σύγχυσιν

425 2629 485 2670 44
