1988 3008
677 241 961 290 MARCUS
1004 239 1306 289 TULLIUS
1351 239 1601 288 CICERO

396 379 534 437 agat,
565 388 657 418 nec
687 374 890 418 nomina
919 370 1058 416 dant.
1129 369 1317 416 Deficit
1347 372 1480 415 enim
1510 384 1610 414 non
1640 367 1887 423 voluntas,

396 473 486 519 sed
516 488 643 535 spes.
715 471 918 517 Gnaeus
949 476 1122 516 autem
1151 476 1322 516 noster
1351 469 1400 531 (o
1435 485 1543 535 rem
1571 470 1806 514 miseram
1835 465 1889 514 et

399 570 744 619 incredibilem
760 571 791 633 1)
821 577 878 617 ut
906 577 1045 617 totus
1073 569 1232 617 iacet!
1301 568 1415 615 Non
1443 571 1637 615 animus
1666 575 1761 623 est,
1789 584 1888 614 non

399 671 677 726 consilium,
710 687 809 717 non
841 672 1034 733 copiae,
1065 686 1166 716 non
1198 668 1476 732 diligentia.
1548 655 1758 715 Mittam
1789 667 1889 723 illa,

402 771 576 835 fugam
607 771 670 818 ab
701 755 825 817 urbe
855 772 1215 833 turpissimam,
1244 768 1585 816 timidissimas
1615 771 1667 814 in
1697 767 1890 832 oppidis

402 877 679 930 contiones,
722 876 1091 938 ignorationem
1131 889 1233 919 non
1273 872 1434 919 solum
1475 872 1761 928 adversarii,
1802 871 1892 918 sed

403 981 561 1026 etiam
580 995 783 1025 suarum
801 981 1057 1041 copiarum
1074 991 1086 1032 ;
1123 976 1216 1023 hoc
1235 979 1375 1023 cuius
1392 976 1529 1023 modi
1550 976 1662 1023 est?
1680 991 1752 1022 vn
1773 975 1892 1023 Idus

406 1082 550 1129 Febr.
587 1081 814 1145 Capuam
846 1081 900 1128 G.
936 1081 1134 1128 Cassius
1166 1081 1398 1128 tribunus
1429 1079 1495 1144 pl.
1531 1082 1687 1136 venit,
1720 1079 1894 1127 attulit
1969 1099 1973 1103 ·

405 1186 649 1233 mandata
674 1185 739 1232 ad
763 1185 1008 1240 consules,
1033 1191 1092 1231 ut
1116 1184 1329 1231 Romam
1355 1186 1603 1240 venirent,
1627 1186 1895 1247 pecuniam

406 1290 470 1336 de
493 1292 741 1337 sanctiore
763 1292 955 1336 aerario
977 1288 1253 1345 auferrent,
1275 1291 1449 1336 statim
1472 1291 1684 1335 exirent.
1755 1287 1895 1335 Urbe

406 1393 584 1440 relicta
602 1393 845 1448 redeant3
884 1409 983 1456 quo
1003 1392 1287 1456 praesidio?
1326 1391 1510 1439 deinde
1532 1398 1748 1448 exeant3
1786 1395 1895 1456 quis

409 1497 575 1543 sinat?
634 1496 817 1543 Consul
841 1499 886 1544 ei
908 1499 1179 1559 rescripsit,
1201 1503 1258 1542 ut
1280 1499 1415 1559 prius
1436 1498 1543 1559 ipse
1566 1499 1616 1542 in
1639 1494 1893 1544 Picenum.

409 1601 480 1647 At
509 1599 631 1646 illud
658 1606 824 1646 toturn
853 1607 962 1646 erat
990 1602 1256 1654 amissum3
1300 1599 1492 1646 sciebat
1519 1615 1668 1646 nemo
1694 1606 1897 1663 praeter

409 1720 490 1750 me
527 1720 590 1750 ex
627 1703 808 1750 litteris
845 1703 1156 1750 Dolabellae.
1228 1702 1355 1748 Mihi
1392 1702 1600 1750 dubium
1635 1719 1734 1749 non
1770 1711 1896 1760 erat,

409 1810 529 1870 quin
558 1807 640 1854 ille
669 1810 768 1854 iam
796 1810 998 1871 iamque
1027 1807 1157 1853 foret
1185 1809 1235 1852 in
1263 1806 1465 1870 Apulia,
1494 1807 1698 1854 Gnaeus
1728 1814 1897 1854 noster

408 1914 455 1956 in
488 1914 615 1958 navi.

475 2016 586 2080 Ego
605 2016 725 2080 quid
746 2033 894 2080 agam
912 2018 1100 2079 σκέμμα
1118 2033 1592 2080 magnum—neque
1611 2015 1897 2064 mehercule

410 2119 529 2166 mihi
552 2120 758 2183 quidem
778 2119 951 2175 ullum,
972 2123 1062 2166 nisi
1084 2123 1251 2166 omnia
1271 2127 1440 2166 essent
1460 2127 1576 2166 acta
1594 2123 1897 2183 turpissime,

411 2240 577 2286 neque
607 2240 703 2288 ego
733 2223 878 2270 ullius
907 2223 1095 2270 consilii
1124 2224 1535 2287 particeps—sed
1561 2230 1736 2290 tamen
1765 2225 1900 2288 quod
1986 2220 1988 2253 3

411 2343 492 2372 me
515 2327 710 2373 deceat.
783 2327 897 2390 Ipse
920 2344 1000 2374 me
1023 2327 1207 2374 Caesar
1229 2327 1293 2374 ad
1313 2344 1490 2391 pacem
1513 2326 1771 2383 hortatum
1810 2329 1899 2375 sed

413 2433 720 2493 antiquiores
752 2430 972 2486 litterae,
1005 2448 1155 2494 quam
1189 2448 1332 2478 ruere
1365 2434 1546 2494 coepit.
1617 2431 1897 2488 Dolabella,

413 2533 610 2580 Caelius
641 2550 722 2581 me
754 2533 820 2579 illi
856 2534 997 2581 valde
1035 2539 1155 2581 satis
1194 2534 1372 2582 facere.
1445 2534 1578 2582 Mira
1613 2551 1694 2582 me
1732 2536 1898 2599 ἀπορία

412 2636 471 2681 86
