1988 3008
711 252 995 301 MARCUS
1039 252 1343 300 TULLIUS
1389 251 1639 300 CICERO

432 401 544 448 ego,
571 382 692 447 quid
716 390 775 430 tu
801 385 866 429 sis
889 388 1109 437 secutus,
1135 396 1235 427 non
1259 383 1523 444 perspicio,
1547 380 1729 428 idcirco
1753 383 1915 428 minus

433 460 664 505 existimo
688 464 742 503 te
765 455 887 503 nihil
911 458 1002 502 nisi
1029 472 1224 502 summa
1247 457 1441 502 ratione
1465 454 1658 502 fecisse.

497 531 619 578 Mea
642 547 771 594 quae
795 547 994 593 semper
1014 529 1168 576 fuerit
1189 533 1444 577 sententia
1465 533 1684 593 primum
1705 529 1769 577 de
1790 546 1915 594 pace

433 605 510 652 vel
532 608 702 668 iniqua
722 604 1014 651 condicione
1035 603 1319 659 retinenda,
1340 603 1524 651 deinde
1546 603 1610 651 de
1632 604 1756 651 urbe
1778 603 1916 668 (nam

433 679 495 726 de
520 679 667 726 Italia
688 678 892 742 quidem
914 677 1035 724 nihil
1056 677 1175 724 mihi
1199 694 1440 741 umquam
1462 678 1793 741 ostenderas),
1813 694 1916 725 me-

431 757 632 800 minisse
665 760 718 799 te
752 754 978 799 arbitror.
1047 750 1148 798 Sed
1178 750 1298 798 mihi
1332 768 1432 798 non
1464 755 1624 808 sumo,
1655 759 1714 813 ut
1745 769 1917 799 meum

431 828 690 875 consilium
715 826 882 874 valere
908 826 1171 882 debuerit3
1214 833 1417 873 secutus
1443 843 1554 872 sum
1578 833 1726 873 tuum
1750 842 1916 889 neque

433 903 483 950 id
506 905 577 948 rei
600 901 830 965 publicae
852 918 1020 957 causa,
1043 900 1106 947 de
1130 917 1230 964 qua
1252 900 1531 963 desperavi,
1554 916 1686 964 quae
1710 907 1762 947 et
1786 916 1918 947 nunc

433 976 634 1024 adflicta
676 983 754 1023 est
795 992 887 1022 nec
930 977 1137 1022 excitari
1181 977 1286 1021 sine
1328 973 1456 1021 civili
1498 976 1916 1037 perniciosissimo

431 1051 564 1098 bello
585 1057 773 1114 potest,
794 1049 885 1097 sed
905 1057 958 1096 te
981 1049 1305 1112 quaerebam,
1325 1055 1497 1095 tecum
1519 1065 1628 1095 esse
1649 1049 1915 1111 cupiebam

433 1142 598 1188 neque
617 1127 722 1171 eius
738 1127 809 1171 rei
827 1123 1142 1178 facultatem,
1159 1125 1196 1169 si
1215 1139 1346 1186 quae
1364 1125 1478 1179 erit,
1493 1125 1916 1185 praetermittam.

497 1200 606 1263 Ego
631 1215 713 1245 me
739 1202 790 1244 in
815 1197 908 1244 hac
934 1200 1067 1244 omni
1094 1213 1245 1244 causa
1270 1196 1417 1244 facile
1443 1196 1804 1262 intellegebam
1829 1214 1918 1261 pu-

433 1273 619 1338 gnandi
646 1272 837 1336 cupidis
862 1271 1145 1318 hominibus
1171 1288 1272 1318 non
1297 1274 1419 1318 satis
1445 1270 1628 1319 facere.
1697 1269 1919 1319 Primum

434 1351 567 1394 enim
595 1363 716 1410 prae
745 1363 826 1393 me
854 1346 947 1392 tuli
976 1362 1057 1392 me
1086 1345 1207 1391 nihil
1236 1345 1385 1392 malle
1415 1362 1567 1408 quam
1595 1362 1791 1409 pacem,
1819 1362 1920 1392 non

433 1423 553 1484 quin
595 1420 775 1466 eadem
814 1422 1049 1466 timerem
1090 1435 1220 1482 quae
1260 1418 1346 1475 illi,
1388 1418 1477 1465 sed
1518 1435 1579 1465 ea
1617 1418 1750 1466 bello
1789 1418 1919 1466 civili

433 1495 619 1542 leviora
645 1494 907 1541 ducebam.
977 1493 1178 1540 Deinde
1206 1500 1440 1556 suscepto
1465 1492 1615 1548 bello,
1642 1509 1758 1540 cum
1783 1495 1919 1556 pacis

433 1569 749 1616 condiciones
773 1568 838 1614 ad
859 1575 913 1614 te
938 1567 1120 1614 adferri
1146 1584 1175 1613 a
1197 1573 1353 1630 teque
1378 1566 1442 1613 ad
1465 1583 1550 1613 eas
1573 1565 1842 1614 honorifice
1867 1574 1919 1615 et

437 1643 574 1707 large
590 1642 882 1705 responderi
898 1641 1138 1697 viderem,
1155 1641 1276 1688 duxi
1292 1658 1459 1687 meam
1474 1644 1724 1688 rationem
1739 1656 1752 1696 ;
1768 1658 1919 1705 quam

434 1718 527 1764 tibi
563 1716 709 1763 facile
744 1732 826 1762 me
861 1716 1190 1778 probaturum
1225 1732 1314 1778 pro
1348 1722 1438 1761 tuo
1472 1718 1525 1761 in
1558 1731 1640 1762 me
1674 1715 1920 1763 beneficio

435 1791 729 1838 arbitrabar.
793 1789 1129 1836 Memineram
1149 1806 1231 1836 me
1253 1805 1362 1836 esse
1384 1806 1557 1846 unum,
1579 1792 1664 1853 qui
1685 1806 1775 1853 pro
1795 1793 1920 1837 meis

434 1868 664 1911 maximis
687 1867 737 1910 in
760 1881 867 1910 rem
891 1863 1141 1927 publicam
1165 1866 1357 1910 meritis
1377 1863 1623 1927 'supplicia
1643 1867 1922 1911 miserrima

436 1946 488 1986 et
521 1938 862 1985 crudelissima
902 1937 1237 2001 pertulissem,
1270 1954 1351 1984 me
1395 1953 1504 1984 esse
1537 1954 1711 1995 unum,
1744 1941 1847 2001 qui,
1880 1940 1918 1984 si

435 2012 752 2059 offendissem
779 2015 884 2059 eius
910 2015 1149 2068 animum,
1173 2014 1250 2058 cui
1278 2019 1406 2069 tum,
1431 2028 1547 2058 cum
1570 2014 1671 2058 iam
1694 2014 1747 2058 in
1771 2014 1920 2059 armis

436 2103 675 2142 essemus,
691 2086 977 2133 consulatus
1002 2093 1175 2133 tamen
1201 2086 1328 2133 alter
1355 2093 1408 2133 et
1424 2085 1706 2149 triumphus
1724 2085 1921 2150 amplis-

437 2163 588 2207 simus
615 2159 957 2216 deferebatur,
983 2161 1236 2207 subicerer
1263 2160 1452 2207 eisdem
1479 2160 1696 2223 proeliiS,
1725 2167 1782 2207 ut
1806 2177 1922 2207 mea

436 2251 650 2297 persona
679 2250 878 2297 semper
908 2234 972 2281 ad
1001 2236 1340 2297 improborum
1371 2237 1554 2281 civium
1584 2237 1805 2297 impetus
1836 2234 1921 2281 ali-

437 2308 559 2371 quid
599 2308 852 2355 videretur
891 2308 1078 2355 habere
1118 2308 1372 2372 populare.
1441 2308 1615 2371 Atque
1654 2307 1780 2355 haec
1821 2325 1921 2365 non

439 2398 535 2446 ego
551 2385 685 2444 prius
701 2399 810 2428 sum
827 2386 1121 2445 suspicatus,
1138 2399 1288 2446 quam
1305 2382 1424 2429 mihi
1440 2382 1607 2446 palam
1623 2382 1922 2430 denuntiata

441 2463 574 2511 sunt,
613 2472 777 2519 neque
818 2473 878 2503 ea
916 2464 1020 2503 tam
1060 2461 1313 2520 pertimui,
1353 2460 1390 2504 si
1432 2456 1695 2504 subeunda
1734 2452 1920 2512 essent,

442 2547 591 2593 quam
629 2530 924 2577 declinanda
960 2535 1149 2594 putavi,
1186 2535 1223 2578 si
1262 2531 1474 2578 honeste
1510 2534 1670 2578 vitare
1706 2546 1918 2594 possem.

445 2602 607 2660 Quam
640 2605 843 2651 brevem
873 2604 1001 2651 illius
1033 2608 1293 2668 temporis,
1325 2605 1443 2651 dum
1475 2607 1524 2650 in
1561 2620 1649 2667 spe
1679 2620 1778 2667 pax
1811 2602 1920 2658 fuit,

451 2687 533 2730 ι44
