2014 3008
771 223 1057 272 MARCUS
1102 223 1406 272 TULLIUS
1452 223 1703 272 CICERO

493 354 696 417 quidem
719 352 864 400 video
884 369 985 400 non
1007 368 1134 409 esse,
1155 352 1262 408 sed,
1283 355 1321 399 si
1344 352 1466 416 quid
1486 369 1550 399 ex
1573 356 1784 410 eventis,
1807 361 1864 401 ut
1885 353 1979 402 hoc

488 461 620 491 nunc
654 443 853 490 accidit.
924 443 1144 490 Dicebar
1178 442 1411 490 debuisse
1444 460 1560 490 cum
1595 441 1834 508 Pompeio
1867 461 1977 508 pro·

489 534 653 581 ficisci.
722 534 904 580 Exitus
938 533 1067 580 illius
1101 535 1283 580 minuit
1318 536 1424 580 eius
1458 533 1603 580 officii
1638 537 1978 597 praetermissi

491 623 948 688 reprehensionem.
1018 623 1118 671 Sed
1141 640 1202 670 ex
1227 624 1457 671 omnibus
1481 623 1602 670 nihil
1624 627 1785 688 magis
1806 632 1980 672 tamen

493 714 826 771 desideratur,
845 731 995 778 quam
1015 714 1150 777 quod
1165 717 1217 760 in
1236 713 1460 761 Africam
1478 731 1578 761 non
1594 717 1753 761 ierim.
1791 715 1980 763 Iudicio

491 805 585 852 hoc
610 823 719 852 sum
745 822 880 861 usus,
905 822 1005 852 non
1030 821 1138 851 esse
1162 806 1387 852 barbaris
1413 804 1609 852 auxiliis
1633 804 1980 854 fallacissimae

487 899 654 960 gentis
673 912 780 942 rem
800 895 1053 959 publicam
1072 894 1466 952 defendendam,
1484 898 1784 959 praesertim
1801 903 1978 944 contra

488 989 766 1044 exercitum
807 1002 958 1049 saepe
998 988 1255 1033 victorem.
1326 985 1438 1033 Non
1476 987 1693 1049 probant
1733 985 1977 1043 fortasse3

487 1077 671 1124 multos
699 1079 833 1123 enim
860 1079 986 1123 viros
1014 1077 1169 1123 bonos
1195 1079 1246 1122 in
1272 1075 1497 1123 Africam
1523 1079 1718 1124 venisse
1746 1077 1896 1124 audio
1926 1084 1980 1125 et

487 1171 587 1215 scio
614 1167 765 1214 fuisse
793 1174 959 1214 antea.
1030 1166 1188 1213 Valde
1215 1165 1309 1213 hoc
1334 1166 1443 1214 loco
1469 1183 1665 1231 urgeor.
1736 1167 1832 1214 Hic
1859 1184 1978 1231 quo-

488 1276 587 1323 que
610 1275 735 1322 opus
759 1265 836 1305 est
858 1275 994 1314 casu,
1019 1265 1075 1304 ut
1098 1257 1249 1321 aliqui
1274 1260 1375 1305 sint
1398 1274 1461 1305 ex
1485 1260 1574 1315 eis,
1598 1265 1704 1315 aut,
1727 1261 1765 1305 si
1791 1265 1978 1322 potest,

487 1366 678 1406 omnes,
694 1352 778 1413 qui
795 1348 1011 1396 salutem
1027 1355 1355 1412 anteponant.
1426 1348 1574 1405 Nam,
1589 1351 1628 1396 si
1645 1357 1976 1412 perseverant

487 1448 541 1487 et
574 1442 824 1496 obtinent,
861 1440 981 1503 quid
1015 1440 1157 1486 nobis
1192 1438 1418 1486 futurum
1453 1442 1536 1495 sit,
1571 1439 1724 1487 vides.
1797 1440 1977 1488 Dices:

488 1531 512 1547 ‘⁴
539 1530 674 1590 Quid
708 1530 825 1587 illis,
860 1533 899 1577 si
935 1533 1051 1577 victi
1089 1530 1272 1577 erunt?
1297 1527 1324 1545 ’'
1393 1529 1666 1577 Honestior
1700 1538 1778 1578 est
1811 1530 1974 1596 plaga.

488 1622 629 1669 Haec
662 1637 744 1668 me
780 1624 1086 1668 excruciant.
1155 1619 1338 1684 Sulpici
1376 1627 1550 1668 autem
1582 1620 1844 1668 consilium
1878 1639 1976 1669 non

488 1715 724 1776 scripsisti
757 1729 845 1758 cur
874 1729 988 1759 meo
1019 1728 1119 1758 non
1150 1719 1499 1776 anteponeres.
1570 1711 1719 1771 Quod
1750 1715 1843 1760 etsi
1877 1730 1976 1760 non

486 1811 592 1850 tam
622 1803 891 1866 gloriosum
922 1809 1000 1850 est
1029 1819 1180 1866 quam
1212 1802 1433 1858 Catonis,
1462 1810 1638 1850 tamen
1668 1810 1721 1850 et
1751 1804 1975 1867 periculo

485 1911 695 1941 vacuum
723 1901 800 1940 est
827 1900 880 1940 et
905 1893 1089 1940 dolore.
1161 1893 1460 1940 Extremum
1486 1900 1563 1941 est
1589 1910 1780 1950 eorum,
1807 1897 1891 1958 qui
1919 1898 1973 1941 in

486 1983 678 2031 Achaia
713 1991 845 2031 sunt.
915 1984 974 2030 Ei
1011 1991 1185 2030 tamen
1220 1987 1310 2047 ipsi
1349 2000 1402 2031 se
1438 1982 1531 2031 hoc
1568 1984 1746 2031 melius
1781 1983 1976 2032 habent

485 2092 637 2138 quam
662 2091 767 2130 nos,
793 2074 927 2138 quod
951 2081 1004 2121 et
1027 2074 1172 2121 multi
1198 2082 1316 2122 sunt
1340 2091 1439 2121 uno
1463 2077 1514 2120 in
1538 2074 1663 2130 loco,
1692 2082 1762 2132 et,
1787 2092 1902 2123 cum
1926 2078 1975 2123 in

487 2165 687 2211 Italiam
716 2167 963 2221 venerint,
992 2164 1197 2212 domum
1226 2167 1401 2212 statim
1429 2167 1674 2212 venerint.
1746 2165 1888 2213 Haec
1917 2173 1974 2213 tu

486 2276 658 2323 perge,
683 2266 740 2306 ut
762 2258 901 2315 facis,
924 2261 1158 2323 mitigare
1183 2266 1236 2306 et
1258 2259 1471 2322 probare
1495 2276 1648 2323 quam
1670 2259 1908 2323 plurimis.

547 2349 697 2408 Quod
731 2357 785 2396 te
823 2366 1048 2406 excusas,
1085 2366 1180 2414 ego
1218 2366 1334 2396 vero
1370 2357 1424 2397 et
1459 2357 1572 2397 tuas
1609 2366 1785 2397 causas
1824 2366 1973 2398 nosco

485 2447 538 2486 et
570 2457 685 2486 mea
716 2442 959 2487 interesse
992 2446 1116 2503 puto
1148 2446 1201 2486 te
1234 2442 1345 2486 istic
1379 2456 1503 2495 esse,
1538 2439 1615 2486 vel
1648 2447 1704 2486 ut
1736 2457 1850 2487 cum
1884 2443 1972 2497 eis,

485 2531 665 2592 quibus
692 2531 963 2594 oportebit,
992 2546 1129 2595 agas,
1157 2547 1286 2594 quae
1316 2538 1465 2578 erunt
1493 2530 1691 2595 agenda
1718 2530 1782 2578 de
1812 2532 1972 2587 nobis,

483 2646 569 2692 372
