1988 3008
70 2369 167 2417 Scr.
194 2370 239 2416 in

74 2437 279 2485 Cumano
303 2436 382 2484 IV

71 2504 195 2551 Non.
225 2502 349 2551 Mai.

69 2588 114 2618 α.
140 2571 233 2621 705

704 215 988 263 MARCUS
1032 217 1334 266 TULLIUS
1380 218 1632 268 CICERO

422 345 541 392 dum
578 353 656 392 est
681 347 819 410 ἀρχή.
890 345 970 392 De
999 345 1398 395 Massiliensibus
1427 356 1608 412 gratae
1636 357 1756 397 tuae
1791 349 1911 398 mihi

423 437 641 484 litterae.
670 435 890 495 Quaeso,
907 445 965 484 ut
982 441 1155 494 sciam,
1171 439 1409 502 quicquid
1424 439 1659 487 audieris.
1686 439 1910 488 Ocellam

421 544 679 590 cuperem,
702 531 743 574 si
765 544 966 591 possem
989 529 1173 591 palam,
1191 529 1327 592 quod
1342 546 1371 576 a
1395 529 1612 578 Curione
1629 530 1912 580 effeceram.

423 619 519 666 Hic
543 635 638 683 ego
661 617 889 666 Servium
914 627 1183 683 exspecto;
1206 637 1355 684 rogor
1379 625 1513 668 enim
1537 622 1601 668 ab
1625 625 1731 669 eius
1756 638 1913 669 uxore

423 718 477 757 et
516 710 633 767 filio,
672 718 725 758 et
763 718 888 774 puto
928 727 1051 774 opus
1093 727 1218 758 esse.
1288 711 1384 758 Hic
1421 719 1596 760 tamen
1635 712 1914 777 Cytherida

420 819 593 849 secum
609 801 789 849 lectica
806 808 987 864 aperta
1003 809 1194 865 portat,
1212 802 1426 849 alteram
1444 819 1669 867 uxorem.
1704 802 1912 867 Septem

421 900 691 957 praeterea
712 896 1011 939 coniunctae
1033 892 1245 940 lecticae
1268 896 1542 940 amicarum
1563 901 1682 942 sunt
1705 911 1770 940 an
1792 897 1914 941 ami-

421 1001 609 1032 corum.
677 983 823 1040 Vide,
851 1000 1003 1047 quam
1028 988 1166 1047 turpi
1193 983 1297 1031 leto
1324 1000 1612 1047 pereamus,
1638 993 1692 1032 et
1718 985 1913 1042 dubita,

421 1080 463 1124 si
487 1083 652 1139 potes,
677 1078 799 1139 quin
824 1074 924 1131 ille,
948 1090 1039 1121 seu
1064 1078 1225 1122 victus
1250 1091 1341 1122 seu
1366 1079 1527 1122 victor
1549 1075 1778 1132 redierit,
1802 1092 1913 1123 cae-

422 1168 539 1215 dem
572 1166 795 1214 facturus
828 1169 909 1213 sit.
977 1165 1088 1229 Ego
1121 1182 1240 1213 vero
1273 1165 1351 1213 vel
1383 1165 1671 1223 luntriculo,
1701 1170 1742 1213 si
1775 1170 1913 1214 navis

422 1276 522 1306 non
544 1261 659 1314 erit,
680 1260 891 1321 eripiam
911 1273 994 1303 me
1017 1273 1081 1303 ex
1101 1260 1313 1304 istorum
1334 1256 1614 1320 parricidio.
1650 1255 1752 1305 Sed
1770 1257 1915 1321 plura

420 1351 655 1406 scribam,
682 1365 797 1396 cum
825 1347 966 1395 illum
994 1364 1290 1395 convenero.
1501 1346 1504 1348 ’

487 1441 730 1488 Iuvenem
760 1446 990 1486 nostrum
1020 1455 1120 1486 non
1149 1455 1353 1502 possum
1382 1455 1482 1486 non
1512 1455 1701 1496 amare,
1730 1439 1820 1487 sed
1849 1440 1913 1489 ab

423 1549 484 1580 eo
504 1548 592 1579 nos
614 1547 715 1578 non
736 1533 894 1577 amari
915 1529 1065 1593 plane
1087 1529 1344 1593 intellego.
1414 1528 1548 1576 Nihil
1571 1547 1666 1594 ego
1687 1530 1786 1578 vidi
1805 1538 1912 1578 tam

421 1624 775 1686 ἀνηθοποίητον,
809 1628 917 1668 tam
953 1637 1186 1668 aversum
1222 1637 1252 1666 a
1286 1623 1406 1677 suis,
1434 1627 1541 1668 tam
1583 1625 1752 1668 nescio
1793 1622 1914 1685 quid

421 1718 666 1778 cogitans,
734 1711 780 1759 O
830 1715 931 1759 vim
981 1710 1327 1758 incredibilem
1376 1710 1747 1758 molestiarum!
1815 1711 1915 1759 Sed

423 1809 520 1852 erit
542 1819 711 1859 curae,
734 1810 788 1850 et
812 1810 908 1858 est,
931 1809 988 1849 ut
1009 1809 1234 1866 regatur.
1304 1801 1495 1848 Mirum
1519 1809 1596 1849 est
1620 1806 1754 1848 enim
1776 1806 1914 1867 inge-

422 1899 579 1951 nium,
601 1896 737 1958 ἤθους
761 1895 1077 1957 ἐπιμελητέον.

1128 2164 1203 2211 ΧΙ

912 2278 1086 2308 CICERO
1121 2278 1294 2308 ATTICO
1328 2277 1424 2309 SAL.

489 2361 771 2425 Obsignata
807 2363 906 2406 iam
945 2359 1160 2423 epistula
1195 2364 1472 2422 superiore,
1509 2375 1606 2406 non
1644 2358 1829 2422 placuit
1867 2362 1912 2405 ei

424 2452 550 2508 dari,
572 2455 649 2498 cui
674 2454 1056 2506 constitueram,
1080 2449 1214 2513 quod
1239 2457 1349 2496 erat
1373 2449 1578 2495 alienus.
1649 2449 1830 2512 Itaque
1854 2465 1914 2496 eo

425 2543 506 2589 die
539 2542 660 2590 data
691 2558 791 2588 non
823 2548 917 2589 est.
986 2540 1200 2588 Interim
1225 2543 1362 2587 venit
1387 2538 1682 2586 Philotimus
1707 2545 1761 2586 et
1791 2537 1909 2585 mihi

426 2646 512 2692 322
