1988 3008
738 250 1021 298 MARCUS
1066 250 1366 298 TULLIUS
1412 248 1663 296 CICERO

462 382 763 442 imparatam
788 379 1014 442 Capuam
1038 395 1139 425 non
1163 378 1322 425 solum
1345 380 1576 442 ignaviae
1600 376 1838 434 dedecus,
1861 377 1950 425 sed

458 459 615 502 etiam
650 455 891 518 perfidiae
927 458 1263 518 suspicionem
1298 454 1497 518 fugiens
1533 456 1762 517 accipere
1798 453 1950 510 nolui,

458 549 624 595 neque
657 549 771 578 cum
802 539 917 595 post
948 531 1267 578 condiciones
1298 534 1435 594 pacis
1467 546 1558 593 per
1590 529 1646 576 L.
1681 529 1949 577 Caesarem

459 616 513 655 et
548 609 605 655 L.
643 609 894 655 Fabatum
929 608 1106 655 allatas
1139 610 1266 664 cavi,
1298 624 1363 654 ne
1398 610 1622 653 animum
1656 609 1763 654 eius
1796 605 1948 653 offen-

458 685 650 740 derem,
669 688 748 731 cui
768 683 1037 748 Pompeius
1055 688 1156 730 iam
1176 691 1398 731 armatus
1420 690 1614 730 armato
1632 682 1948 730 consulatum

457 761 873 825 triumphumque
921 761 1160 808 deferret.
1230 760 1337 807 Nec
1383 777 1500 807 vero
1546 758 1672 806 haec
1720 766 1951 806 extrema

458 842 725 902 quisquam
754 845 926 902 potest
955 841 1062 884 iure
1092 837 1483 901 reprehendere,
1514 836 1647 899 quod
1678 852 1817 882 mare
1849 852 1951 882 non

457 918 758 961 transierim.
830 915 889 961 Id
916 918 1068 971 enim,
1096 917 1191 961 etsi
1219 921 1329 961 erat
1355 913 1750 969 deliberationis,
1775 919 1951 959 tamen

457 993 595 1038 obire
621 1009 722 1038 non
747 994 905 1054 potui.
976 991 1155 1054 Neque
1183 993 1318 1037 enim
1343 992 1585 1052 suspicari
1611 989 1781 1045 debui,
1807 1004 1951 1051 prae-

457 1071 632 1115 sertim
652 1085 766 1114 cum
788 1085 850 1115 ex
870 1071 1023 1131 ipsius
1045 1066 1253 1130 Pompei
1272 1066 1473 1122 litteris,
1492 1066 1629 1112 idem
1649 1065 1784 1128 quod
1804 1064 1951 1111 video

458 1152 510 1191 te
543 1148 876 1200 existimasse,
906 1161 1006 1190 non
1037 1144 1328 1199 dubitarim,
1359 1146 1479 1206 quin
1509 1145 1549 1188 is
1581 1142 1807 1188 Domitio
1837 1142 1950 1188 sub-

458 1228 698 1268 venturus
725 1229 877 1277 esset,
903 1228 956 1267 et
981 1221 1147 1284 plane,
1173 1220 1294 1283 quid
1318 1226 1515 1266 rectum
1541 1226 1594 1265 et
1619 1217 1741 1282 quid
1764 1217 1950 1264 facien-

457 1298 578 1344 dum
603 1297 723 1344 mihi
751 1305 903 1353 esset,
929 1298 1117 1344 diutius
1142 1300 1367 1360 cogitare
1392 1296 1560 1342 malui.

522 1373 744 1421 Primum
765 1378 936 1438 igitur,
959 1373 1084 1420 haec
1107 1373 1274 1436 qualia
1295 1374 1388 1419 tibi
1412 1388 1521 1419 esse
1543 1371 1830 1428 videantur,
1854 1373 1950 1418 etsi

457 1451 739 1515 significata
759 1458 876 1497 sunt
896 1468 926 1497 a
944 1457 1016 1506 te,
1036 1458 1210 1497 tamen
1231 1452 1513 1496 accuratius
1531 1447 1653 1494 mihi
1673 1448 1950 1511 perscribas

457 1528 625 1584 velim,
660 1527 844 1574 deinde
881 1527 1071 1590 aliquid
1106 1529 1262 1573 etiam
1297 1529 1348 1572 in
1382 1533 1642 1589 posterum
1661 1527 1950 1588 prospicias

458 1604 738 1668 fingasque,
760 1621 911 1667 quem
933 1620 1015 1650 me
1038 1618 1146 1650 esse
1169 1602 1369 1657 deceat,
1391 1610 1444 1648 et
1465 1602 1549 1648 ubi
1572 1617 1654 1647 me
1676 1601 1948 1664 plurimum

458 1681 695 1743 prodesse
717 1684 789 1727 rei
811 1680 1043 1744 publicae
1066 1683 1272 1735 sentias,
1295 1695 1485 1742 ecquae
1508 1677 1717 1742 pacifica
1737 1693 1951 1741 persona

458 1757 774 1804 desideretur
799 1773 864 1803 an
886 1760 938 1802 in
962 1756 1207 1803 bellatore
1232 1759 1332 1802 sint
1357 1758 1538 1801 omnia.

522 1835 695 1896 Atque
746 1850 859 1897 ego,
909 1836 992 1896 qui
1044 1835 1212 1879 omnia
1259 1832 1420 1878 officio
1469 1834 1669 1896 metior,
1718 1829 1950 1878 recordor

459 1917 633 1956 tamen
665 1917 756 1956 tua
788 1909 1020 1964 consilia;
1073 1910 1253 1972 quibus
1287 1912 1326 1955 si
1361 1911 1655 1971 paruissem,
1688 1910 1948 1954 tristitiam

460 1987 656 2033 illorum
676 1994 964 2049 temporum
987 2003 1086 2032 non
1107 1986 1366 2031 subissem.
1431 1984 1663 2038 Memini,
1685 1983 1804 2047 quid
1829 1982 1946 2029 mihi

459 2070 567 2109 tum
594 2066 806 2109 suaseris
829 2080 920 2125 per
942 2061 1322 2125 Theophanem,
1346 2077 1436 2124 per
1460 2060 1772 2115 Culleonem,
1797 2060 1948 2122 idque

459 2156 611 2202 saepe
665 2143 998 2202 ingemiscens
1053 2156 1163 2184 sum
1217 2138 1522 2184 recordatus.
1593 2136 1762 2195 Quare
1817 2152 1948 2182 nunc

460 2216 640 2262 saltem
672 2216 738 2262 ad
767 2216 875 2262 illos
906 2215 1120 2262 calculos
1152 2222 1482 2269 revertamur,
1514 2230 1638 2277 quos
1670 2219 1781 2260 tum
1813 2213 1947 2259 abie-

459 2295 634 2348 cimus,
671 2299 727 2339 ut
763 2309 862 2339 non
899 2292 1058 2339 solum
1093 2291 1318 2355 gloriosis
1353 2290 1568 2337 consiliis
1603 2296 1824 2345 utamur,
1859 2288 1948 2336 sed

460 2372 616 2415 etiam
668 2368 818 2431 paulo
871 2368 1240 2415 salubrioribus.
1309 2366 1410 2414 Sed
1462 2365 1582 2413 nihil
1635 2366 1948 2430 praescribo;

460 2452 693 2490 accurate
731 2444 877 2490 velim
914 2445 1191 2507 perscribas
1227 2451 1369 2490 tuam
1404 2442 1469 2489 ad
1502 2459 1590 2489 me
1621 2444 1944 2489 sententIam.

460 2519 584 2566 Volo
631 2524 787 2567 etiarn
834 2523 1084 2585 exquiras,
1131 2537 1284 2584 quam
1330 2519 1713 2583 diligentissime
1736 2530 1739 2532 ·
1759 2520 1948 2582 poteris

465 2639 550 2695 148
