1988 3008
681 163 965 211 MARCUS
1009 163 1311 211 TULLIUS
1357 163 1609 212 CICERO

397 299 682 339 tuerentur.
750 292 932 355 Itaque
954 308 1009 338 se
1031 294 1083 337 in
1105 290 1270 338 Sicilia
1293 308 1467 338 eorum
1489 309 1644 355 opera
1665 309 1885 340 usurum.

400 382 480 428 De
522 381 775 444 Hispaniis
816 398 917 429 non
957 381 1243 438 dubitabat,
1278 385 1399 445 quin
1434 381 1660 429 Caesaris
1701 389 1884 430 essent.

400 462 526 508 Inde
547 465 712 524 ipsum
732 479 847 508 cum
869 465 1117 518 exercitu,
1132 462 1436 525 ubicumque
1453 461 1718 524 Pompeius
1736 469 1885 509 esset.

398 551 518 598 Eius
533 555 798 599 interitum
814 552 966 598 finem
980 551 1100 599 belli
1121 550 1141 581 1
1156 551 1280 599 fore.
1349 551 1555 615 Propius
1571 551 1763 600 fatcum
1778 568 1887 599 esse

400 641 538 698 nihil,
560 645 654 688 nisi
674 642 694 672 ²
715 642 865 705 plane
887 642 1147 690 iracundia
1170 642 1361 690 elatum
1383 642 1595 690 voluisse
1619 642 1886 689 Caesarem

398 733 556 779 occidi
580 732 852 779 Metellum
871 733 1134 780 tribunum
1155 733 1221 796 pl.
1290 732 1439 791 Quod
1458 736 1500 779 si
1522 740 1657 780 esset
1678 732 1887 789 factum,

398 823 608 869 caedem
638 839 877 886 magnam
907 822 1134 870 futuram
1165 822 1334 870 fuisse.
1403 822 1686 870 Pei-multos
1717 822 1887 870 horta-

398 921 534 960 tores
574 930 684 960 esse
722 913 909 970 caedis,
946 917 1111 976 ipsum
1149 920 1323 960 autem
1360 930 1460 960 non
1497 912 1760 960 voluntate
1798 920 1886 960 aut

399 1011 581 1050 natura
595 1020 696 1050 non
712 1020 821 1050 esse
835 1003 1210 1060 crudelem,sed
1225 1004 1360 1067 quod
1373 1003 1668 1066 popularem
1682 1010 1887 1066 putaret

401 1110 510 1140 esse
539 1094 877 1141 clementiam.
946 1094 1136 1152 Quodsi
1166 1094 1338 1157 populi
1366 1094 1591 1141 studium
1620 1097 1887 1149 amisisset,

396 1184 654 1231 crudelem
683 1184 806 1232 fore.
876 1184 1109 1248 Eumque
1132 1185 1509 1247 perturbatum,
1533 1183 1669 1248 quod
1691 1183 1888 1230 intelle-

399 1283 547 1338 geret
581 1291 636 1322 se
671 1275 807 1338 apud
841 1278 1002 1338 ipsam
1036 1275 1239 1338 plebem
1274 1273 1540 1322 offendisse
1575 1274 1639 1322 de
1675 1278 1884 1322 aerario.

401 1366 601 1429 Itaque,
636 1369 683 1412 ei
715 1383 831 1412 cum
864 1369 1198 1413 certissimum
1232 1365 1427 1422 fuisset,
1461 1372 1735 1429 antequam
1775 1382 1888 1428 pro—

400 1457 726 1513 ficisceretur,
747 1459 1034 1503 contionem
1056 1455 1264 1512 habere,
1286 1472 1463 1502 ausum
1485 1472 1586 1502 non
1608 1472 1716 1503 esse
1739 1454 1887 1503 vehe-

399 1554 698 1610 menterque
714 1550 880 1593 animo
894 1547 1192 1609 perturbato
1206 1545 1505 1609 profectum.
1573 1545 1701 1593 Cum
1716 1554 1888 1594 autem

402 1654 464 1684 ex
487 1654 546 1684 eo
568 1652 886 1700 quaererem,
907 1636 1029 1700 quid
1047 1636 1264 1693 videret,
1285 1653 1437 1700 quem
1459 1643 1715 1693 eventum,
1736 1653 1887 1700 quam

400 1745 508 1774 rem
525 1727 796 1791 publicam,
814 1727 963 1790 plane
981 1726 1242 1774 fatebatur
1261 1726 1448 1773 nullam
1465 1743 1609 1790 spem
1624 1709 1884 1791 reliquam.

403 1818 611 1881 Pompei
653 1818 863 1864 classem
904 1818 1138 1865 timebat.
1207 1817 1351 1875 Quae
1393 1818 1449 1864 si'
1477 1821 1685 1874 exisset,
1725 1834 1779 1864 se
1822 1818 1886 1864 de

401 1908 566 1955 Sicilia
608 1909 879 1955 abiturum.
963 1907 991 1924 “
1016 1907 1151 1966 Quid
1190 1906 1327 1963 isti,’'
1367 1910 1590 1970 inquam,
1631 1906 1659 1924 ‘⁴
1682 1923 1772 1954 sex
1810 1911 1886 1954 tui

402 1999 560 2045 fasces
578 1998 595 2043 ?
616 2002 655 2044 si
676 2015 705 2044 a
723 2005 923 2054 senatu,
941 2015 1030 2045 cur
1049 1997 1297 2045 laureati?
1316 2001 1357 2044 si
1377 1998 1441 2043 ab
1461 2002 1585 2060 ipso,
1603 2014 1692 2043 cur
1710 1997 1833 2044 sex?
1857 1996 1886 2012 ’'

403 2089 431 2105 “
455 2087 685 2151 Cupivi‚”
726 2091 907 2151 inquit,
948 2097 978 2118 “
1005 2104 1068 2135 ex
1109 2095 1313 2135 senatus
1356 2087 1582 2134 consulto
1622 2095 1886 2150 surrupt03

403 2196 520 2225 nam
539 2178 686 2225 aliter
705 2195 805 2224 non
823 2186 1043 2241 poterat.
1112 2178 1181 2225 At
1202 2177 1283 2224 ille
1303 2177 1556 2240 impendio
1576 2193 1707 2223 nunc
1726 2181 1885 2240 magis

403 2269 509 2316 odit
542 2276 790 2315 senatum.
859 2269 905 2315 A
939 2267 1074 2324 me,”
1109 2271 1289 2330 inquit,
1323 2266 1351 2283 “
1374 2270 1541 2314 omnia
1574 2266 1885 2330 proficiscen-

817 2429 829 2452 ¹
863 2427 961 2467 belli
977 2428 1205 2467 Manutius
1222 2441 1238 2474 ,·
1267 2426 1327 2465 illi
1343 2426 1474 2467 MSS.

817 2483 832 2505 ²
860 2482 943 2521 nisi
955 2480 1143 2522 Schmidt
1160 2494 1176 2527 ,·
1205 2482 1243 2520 ei
1260 2480 1392 2521 MSS.

405 2561 493 2606 288
