1988 3008
692 239 975 287 MARCUS
1019 238 1320 287 TULLIUS
1366 237 1617 286 CICERO

1111 428 1205 475 XV

900 531 1074 561 CICERO
1108 530 1283 561 ATTICO
1317 530 1414 561 SAL.

60 599 157 647 Ser.
193 599 390 647 Formiis
476 602 537 649 A.
563 601 610 650 d.
635 618 664 648 v
687 601 857 649 Nonas
883 601 1098 648 Martias
1121 600 1362 664 epistulas
1383 599 1503 646 mihi
1527 606 1641 647 tuas
1663 599 1904 665 Aegypta

67 666 111 712 V
129 666 180 712 N
181 683 251 713 0⁷2-
414 676 653 732 reddidit,
676 693 830 722 unam
854 682 1098 730 veterem,
1124 691 1203 721 1111
1232 674 1343 721 Kal.
1369 691 1522 738 quam
1545 682 1599 722 te
1623 676 1795 722 scribis
1819 674 1904 721 de-

61 731 209 780 Mart·
227 750 270 780 a·
295 735 390 784 705
412 750 544 797 disse
573 748 792 806 Pinario,
820 766 973 812 quem
1001 766 1100 796 non
1129 748 1370 804 vidimus;
1413 751 1466 795 in
1493 766 1594 812 qua
1621 756 1904 812 exspectaS‚

413 824 655 887 quidnam
683 826 985 887 praemissus
1015 830 1136 887 agat
1165 822 1429 879 Vibullius,
1458 825 1543 885 qui
1572 825 1775 870 omnino
1803 839 1905 869 non

413 905 491 945 est
522 900 652 945 visus
681 914 712 945 a
739 897 955 944 Caesare
985 897 1058 959 (id
1086 896 1247 944 altera
1275 896 1493 960 epistula
1520 896 1667 944 video
1696 903 1751 943 te
1779 899 1905 943 scire

415 974 489 1018 ita
524 972 673 1034 esse),
698 978 753 1018 et
788 988 942 1035 quem
977 971 1042 1018 ad
1076 971 1283 1018 modum
1317 970 1620 1018 redeuntem
1655 973 1904 1034 excipiam

412 1045 700 1102 Caesarem,
725 1062 878 1109 quem
903 1047 1106 1092 omnino
1134 1047 1293 1092 vitare
1318 1047 1505 1109 cogito,
1526 1051 1580 1091 et
1607 1046 1868 1108 αῧθήμερον
1886 1042 1907 1073 ¹

415 1118 588 1184 fugam
607 1119 829 1167 intendis
847 1120 868 1149 2
886 1121 1440 1182 commutationemque
1459 1121 1595 1165 vitae
1613 1124 1753 1173 tuae,
1772 1116 1907 1181 quod

414 1194 507 1240 tibi
539 1200 664 1256 puto
695 1209 804 1240 esse
835 1192 1142 1248 faciendum,
1174 1199 1228 1239 et
1257 1195 1475 1255 ignoras,
1507 1191 1762 1238 Domitius
1792 1207 1905 1237 cum

416 1267 699 1314 fascibusne
731 1270 811 1314 sit.
881 1266 1031 1325 Quod
1061 1283 1175 1313 cum
1210 1269 1352 1322 scies,
1385 1265 1555 1321 facies,
1588 1272 1646 1312 ut
1677 1267 1904 1312 sciamus.

415 1341 588 1388 Habes
615 1341 680 1388 ad
705 1344 920 1405 primam
948 1340 1231 1404 epistulam.

478 1414 694 1462 Secutae
720 1422 838 1462 sunt
864 1415 995 1462 duae
1020 1431 1094 1478 pr.
1127 1413 1238 1460 Kal.
1267 1413 1447 1460 ambae
1473 1412 1644 1468 datae,
1669 1429 1800 1476 quae
1825 1428 1907 1459 me

415 1489 759 1536 convellerunt
783 1489 848 1535 de
873 1491 1084 1552 pristino
1109 1495 1248 1535 statu
1273 1490 1372 1533 iam
1397 1494 1589 1543 tamen,
1614 1493 1673 1534 ut
1698 1493 1818 1534 ante
1844 1486 1908 1534 ad

416 1570 469 1610 te
506 1566 695 1626 scripsi,
731 1562 1006 1609 labantem.
1077 1562 1183 1608 Nec
1219 1578 1301 1608 me
1338 1568 1526 1617 movet,
1560 1561 1698 1624 quod
1732 1562 1904 1608 scribis

416 1644 445 1665 ‘⁶
472 1637 576 1684 Iovi
609 1639 703 1699 ipsi
736 1635 1015 1699 iniquum.''
1085 1636 1215 1682 Nam
1249 1635 1527 1698 periculum
1559 1637 1611 1681 in
1643 1637 1907 1698 utriusque

417 1711 676 1758 iracundia
702 1713 924 1774 positum
953 1716 1048 1766 est,
1078 1712 1285 1756 victoria
1314 1716 1487 1756 autem
1514 1711 1588 1755 ita
1614 1711 1824 1765 incerta,
1851 1715 1909 1755 ut

416 1785 638 1833 deterior
663 1801 815 1831 causa
841 1786 1063 1847 paratior
1089 1782 1210 1829 mihi
1239 1799 1348 1830 esse
1376 1782 1623 1830 videatur.
1693 1781 1800 1829 Nec
1826 1798 1908 1829 me

416 1858 643 1906 consules
685 1865 907 1913 movent,
950 1861 1033 1921 qui
1076 1860 1167 1920 ipsi
1212 1857 1383 1921 pluma
1424 1863 1514 1903 aut
1554 1855 1673 1903 folio
1713 1855 1908 1903 facilius

416 1940 696 1980 moventur.
765 1932 928 1979 Officii
944 1948 1026 1979 me
1045 1931 1343 1978 deliberatio
1360 1933 1550 1978 cruciat
1567 1932 1909 1994 cruciavitque

418 2005 595 2053 adhuc.
664 2005 870 2052 Cautior
887 2012 1027 2052 certe
1048 2011 1127 2052 est
1145 2007 1354 2060 mansio,
1373 2003 1631 2051 honestior
1650 2006 1905 2051 existima-

416 2087 499 2126 tur
531 2082 778 2126 traiectio.
851 2078 990 2125 Malo
1022 2078 1296 2134 interdum,
1329 2077 1475 2125 multi
1508 2093 1590 2125 me
1624 2094 1725 2124 non
1755 2085 1906 2125 caute

417 2170 570 2216 quam
592 2155 738 2216 pauci
763 2169 863 2198 non
887 2151 1099 2199 honeste
1122 2151 1301 2198 fecisse
1326 2154 1636 2198 existiment.
1706 2151 1786 2198 De
1812 2151 1908 2198 Le-

417 2227 535 2291 pido
571 2233 624 2273 et
657 2226 801 2272 Tullo
836 2226 971 2288 quod
1006 2229 1222 2289 quaeris,
1256 2225 1326 2271 illi
1362 2241 1479 2271 vero
1515 2241 1616 2271 non
1651 2223 1907 2280 dubitant,

479 2346 494 2370 ²
522 2345 546 2384 Ι
584 2345 684 2385 have
713 2344 903 2385 ventured
929 2350 970 2384 to
995 2344 1093 2385 read
1123 2344 1353 2397 αὖθήμερον
1373 2344 1443 2395 for
1470 2342 1535 2383 the
1561 2348 1726 2394 corrupt
1754 2342 1906 2382 authe-

420 2399 559 2438 monis
595 2398 641 2450 of
674 2398 739 2446 M,
767 2412 816 2438 αε
852 2397 971 2448 beinq
1007 2410 1066 2437 an
1103 2411 1200 2448 easy
1227 2397 1446 2438 alteration
1485 2396 1904 2447 palaeoqraphically.

422 2453 558 2518 Many
600 2452 856 2502 suqqestions
899 2451 998 2491 have
1041 2451 1138 2491 been
1179 2451 1299 2491 made
1342 2453 1432 2502 (6.9.
1481 2449 1815 2490 Automedontis
1856 2450 1907 2501 by

423 2506 711 2598 Mylifftbndis
724 2557 775 2596 F.
790 2557 943 2598 Schatz
962 2572 971 2596 :
1004 2557 1144 2596 tendis
1160 2557 1211 2596 M
1213 2556 1292 2597 SS.

426 2636 510 2680 166
