2014 3008
91 1241 186 1288 Ser.

90 1308 313 1355 Brundisi

92 1375 170 1422 IV
191 1374 251 1421 K.
284 1375 394 1423 Dec.

91 1459 134 1489 a.
158 1443 251 1492 706

727 213 1010 262 MARCUS
1054 214 1355 262 TULLIUS
1402 214 1653 263 CICERO

446 344 579 390 fecto
605 342 856 407 intellegis
883 359 990 389 rem
1016 342 1137 389 mihi
1164 342 1327 398 desse,
1355 342 1419 390 de
1447 360 1548 407 qua
1573 345 1806 401 scribam,
1833 362 1931 394 non

446 420 771 467 voluntatem.

508 496 656 555 Quod
681 497 744 543 de
769 497 970 543 Vatinio
994 499 1209 560 quaeris,
1234 513 1399 560 neque
1422 496 1553 544 illius
1579 514 1746 561 neque
1771 502 1930 546 cuius·

445 590 596 637 quam
620 573 741 619 mihi
767 580 1031 637 praeterea
1055 573 1270 620 officium
1295 573 1481 630 desset,
1507 577 1547 621 si
1572 577 1794 638 reperire
1819 592 1931 639 pos·

444 658 574 706 sent,
602 667 702 713 qua
727 653 779 696 in
804 667 859 697 re
887 667 968 697 me
995 653 1240 697 iuvarent.
1310 650 1529 710 Quintus
1558 654 1874 699 aversissimo
1901 669 1931 700 a

443 744 524 774 me
558 730 723 773 animo
758 725 918 773 Patris
951 726 1062 774 fuit.
1133 726 1326 774 Eodem
1360 726 1577 791 Corcyra
1610 727 1739 775 filius
1775 732 1928 776 venit.
1979 754 1986 770 ε

448 803 571 850 Inde
595 803 845 867 profectos
871 820 955 850 eos
982 820 1219 858 unacum
1242 807 1425 851 ceteris
1451 805 1679 851 arbitror.
1983 803 1985 806 ’

1152 1035 1222 1082 VI

772 1149 945 1181 CICERO
980 1149 1153 1180 ATTICO
1188 1148 1410 1180 SALUTEM
1447 1149 1596 1181 DICIT.

509 1230 785 1278 Sollicitum
825 1248 934 1278 esse
973 1238 1044 1287 te,
1083 1248 1198 1278 cum
1238 1231 1301 1278 de
1340 1235 1440 1278 tuis
1479 1229 1943 1296 communibusque
1990 1265 1996 1269 Α

446 1307 675 1364 fortunis,
696 1315 807 1354 tum
827 1311 1047 1355 maxime
1069 1307 1132 1354 de
1154 1325 1236 1355 me
1259 1325 1315 1354 ae
1337 1307 1400 1354 de
1423 1308 1592 1355 dolore
1614 1324 1730 1356 meo
1751 1312 1927 1356 sentio.

446 1383 543 1443 Qui
568 1385 774 1448 quidem
796 1401 937 1432 meus
961 1384 1100 1432 dolor
1122 1401 1222 1431 non
1244 1384 1393 1432 modo
1415 1401 1516 1431 non
1537 1387 1798 1442 minuitur,
1819 1402 1932 1433 cum

446 1465 634 1508 socium
661 1463 752 1508 sibi
782 1462 1012 1526 adiungit
1039 1461 1262 1508 dolorem
1289 1469 1452 1518 tuum,
1480 1462 1570 1509 sed
1595 1465 1752 1509 etiam
1779 1479 1927 1527 auge-

444 1546 540 1585 tur.
611 1536 829 1586 Omnino
854 1555 944 1602 pro
968 1546 1059 1586 tua
1084 1538 1354 1602 prudentia
1378 1541 1553 1595 sentis,
1580 1555 1680 1602 qua
1713 1538 1931 1586 consola·
1982 1543 1983 1546 ’

442 1619 579 1662 tione
626 1616 775 1662 levari
818 1619 1037 1662 maxime
1080 1619 1279 1679 possim.
1352 1613 1536 1662 Probas
1581 1619 1716 1662 enim
1760 1632 1928 1663 meum
1972 1672 1977 1673 ⁷

441 1692 699 1739 consilium
715 1709 973 1756 negasque
988 1691 1109 1739 mihi
1127 1695 1398 1756 quicquam
1411 1692 1501 1739 tali
1516 1700 1747 1756 tempore
1763 1695 1928 1757 potius

443 1769 727 1816 faciendum
747 1768 914 1816 fuisse.
985 1768 1143 1816 Addis
1164 1772 1320 1816 etiam
1340 1769 1496 1832 (quod
1517 1772 1611 1816 etsi
1632 1769 1752 1816 mihi
1773 1769 1928 1817 levius

443 1854 520 1893 est
546 1864 698 1910 quam
723 1854 870 1893 tuum
894 1846 1149 1902 iudicium,
1169 1853 1343 1893 tamen
1369 1863 1469 1893 non
1495 1854 1573 1893 est
1592 1846 1723 1910 leve)
1749 1849 1928 1894 ceteris

442 1940 660 1987 quoque,
688 1923 739 1970 id
767 1931 845 1970 est
872 1926 957 1987 qui
985 1923 1180 1987 pondus
1208 1922 1448 1980 habeant,
1476 1922 1670 1970 factum
1697 1918 1924 1971 nostrum

442 2002 653 2063 probari.
725 2000 786 2047 Id
801 2003 839 2047 si
855 2003 929 2047 ita
946 2008 1196 2064 putarem,
1215 2000 1369 2047 levius
1386 1999 1623 2047 dolerem.
1658 1999 1684 2016 “
1713 1996 1923 2056 Crede‚”

442 2080 619 2140 inquis,
667 2077 693 2093 “
719 2076 890 2124 mihi.'’
960 2076 1122 2124 Credo
1170 2076 1423 2141 equidem,
1470 2077 1560 2124 sed
1605 2080 1724 2134 seio,
1771 2093 1922 2141 quam

440 2157 609 2217 cupias
657 2157 812 2201 minui
861 2154 1084 2201 dolorem
1132 2170 1317 2201 meum.
1389 2153 1479 2201 Me
1527 2154 1812 2201 discessisse
1860 2154 1922 2200 ab

442 2234 589 2278 armis
611 2248 886 2295 numquam
908 2234 1173 2295 paenituit.
1242 2230 1408 2278 Tanta
1430 2238 1539 2278 erat
1560 2234 1612 2277 in
1633 2230 1727 2278 illis
1749 2229 1920 2278 crude-

442 2307 572 2365 litas,
597 2315 744 2355 tanta
767 2325 881 2355 cum
905 2309 1129 2356 barbaris
1154 2309 1392 2372 gentibus
1417 2310 1719 2365 coniunctio,
1745 2314 1802 2355 ut
1826 2323 1923 2354 non

441 2388 753 2442 nominatim,
769 2385 859 2433 sed
874 2388 1158 2450 generatim
1173 2387 1468 2449 proscriptio
1485 2391 1619 2432 esset
1635 2383 1919 2440 informata,

441 2469 498 2508 ut
535 2465 633 2508 iam
672 2465 895 2509 omnium
933 2462 1114 2509 iudicio
1151 2465 1483 2509 constitutum
1523 2468 1656 2508 esset
1695 2463 1916 2509 omnium

442 2546 662 2585 vestrum
698 2540 829 2586 bona
864 2539 1104 2603 praedam
1141 2555 1249 2586 esse
1285 2538 1413 2585 illius
1450 2541 1701 2586 victoriae.
1773 2536 1799 2553 “
1828 2536 1919 2584 Ve-

442 2629 530 2687 364
