1988 3008
55 614 152 662 δον.
183 614 232 662 in
265 615 354 664 Cu-

53 699 189 729 mano
205 683 329 746 prid.

0 799 4 804 ,
52 748 126 795 Id.
159 749 282 797 Mai.
313 767 357 797 a.

54 817 147 866 705

694 212 978 262 MARCUS
1022 214 1323 264 TULLIUS
1368 216 1619 266 CICERO

893 537 1066 568 CICERO
1100 538 1274 570 ATTICO
1308 539 1405 571 SAL.

472 617 804 666 Commodum
846 619 911 666 ad
950 626 1004 666 te
1046 619 1286 667 dederam
1326 621 1522 669 litteras
1565 621 1628 669 de
1670 622 1898 686 pluribus

407 694 573 749 rebus,
607 710 721 740 cum
755 693 820 739 ad
851 709 933 740 me
966 694 1097 740 bene
1131 711 1279 741 mane
1315 695 1587 760 Dionysius
1622 696 1735 744 fuit.
1805 697 1896 745 Cui

410 766 614 829 quidem
647 783 743 831 ego
774 783 875 813 non
907 767 1056 814 modo
1087 767 1386 831 placabilem
1418 786 1500 817 me
1531 772 1896 834 praebuissem,

410 841 499 888 sed
527 847 696 887 totum
724 843 1043 898 remisissem,
1074 844 1114 888 si
1144 845 1380 899 venisset,
1411 860 1512 907 qua
1540 852 1716 892 mente
1745 852 1803 892 tu
1833 845 1898 894 ad

408 931 490 961 me
526 917 807 978 scripseraS.
876 915 1001 961 Erat
1038 918 1172 962 enim
1208 919 1278 962 sic
1313 919 1364 963 in
1399 920 1499 964 tuis
1534 917 1738 975 litteris,
1773 936 1897 983 quas
1962 916 1966 923 ⁵

407 990 584 1052 Arpini
606 1005 918 1052 acceperam,
939 1006 1054 1035 cum
1075 997 1345 1037 venturum
1365 990 1740 1056 facturumque,
1762 993 1898 1056 quod

408 1080 502 1126 ego
558 1062 751 1109 vellem.
819 1063 930 1127 Ego
984 1063 1214 1111 volebam
1266 1072 1442 1112 autem
1496 1065 1574 1113 vel
1628 1068 1896 1131 cupiebam

407 1139 573 1200 potius
597 1153 705 1184 esse
729 1153 847 1184 eum
867 1138 1142 1184 nobiscum.
1207 1137 1358 1197 Quod
1379 1142 1498 1202 quia
1519 1139 1688 1204 plane,
1710 1157 1826 1188 cum
1845 1144 1896 1188 in

407 1211 730 1257 Formianum
747 1214 985 1267 venisset,
1003 1212 1340 1275 praeciderat,
1358 1216 1582 1276 asperius
1600 1214 1664 1261 ad
1681 1221 1735 1261 te
1753 1214 1818 1262 de
1836 1231 1896 1262 eo
1952 1208 1967 1258 s

406 1286 624 1331 scribere
644 1284 883 1331 solebam.
938 1285 1011 1331 At
1028 1285 1111 1332 ille
1130 1302 1384 1350 perpauca
1401 1286 1598 1334 locutus
1617 1286 1746 1335 hanc
1765 1305 1895 1335 sum-

405 1376 540 1405 mam
570 1358 749 1405 habuit
778 1361 1035 1415 orationis,
1065 1366 1123 1406 ut
1152 1361 1245 1407 sibi
1274 1363 1589 1425 ignoscerem
1605 1377 1617 1418 ;
1664 1378 1718 1410 se
1746 1364 1896 1410 rebus

406 1436 505 1479 suis
535 1432 838 1496 impeditum
867 1434 1127 1480 nobiscum
1156 1436 1229 1480 ire
1261 1451 1361 1481 non
1389 1452 1551 1499 posse.
1621 1434 1790 1484 Pauca
1819 1453 1894 1484 re-

406 1506 600 1570 spondi,
615 1523 857 1570 magnum
873 1509 1045 1571 accepi
1061 1507 1301 1564 dolorem,
1319 1508 1548 1556 intellexi
1562 1508 1816 1556 fortunam
1832 1511 1895 1558 ab

406 1598 466 1628 eo
489 1588 712 1628 nostram
735 1581 1031 1644 despectam
1055 1598 1179 1628 esse.
1246 1581 1382 1640 Quid
1404 1584 1638 1646 quaeris?
1662 1583 1894 1647 (fortasse

404 1655 684 1717 miraberis)
727 1657 779 1701 in
818 1658 1052 1702 maximis
1093 1654 1273 1702 horum
1315 1664 1602 1720 temporum
1643 1657 1894 1705 doloribus

404 1729 536 1775 hunc
556 1728 678 1775 mihi
699 1732 826 1775 scito
848 1745 972 1776 esse.
1036 1729 1217 1786 Velim,
1239 1737 1296 1777 ut
1316 1732 1412 1778 tibi
1433 1734 1622 1779 amicus
1643 1735 1724 1779 sit.
1785 1733 1894 1780 Hoc

403 1820 518 1850 cum
547 1804 643 1850 tibi
670 1809 809 1866 opto,
831 1809 969 1866 opto,
991 1810 1049 1849 ut
1068 1804 1250 1851 beatus
1271 1807 1364 1860 sis3
1389 1807 1487 1852 erit
1507 1808 1642 1852 enim
1663 1813 1771 1853 tam
1791 1807 1891 1854 diu.
1967 1848 1969 1850 .

468 1877 743 1924 Consilium
787 1884 1014 1924 nostrum
1060 1894 1206 1941 spero
1250 1895 1462 1926 vacuum
1505 1880 1727 1943 periculo
1770 1880 1891 1928 fore.

404 1952 536 1999 Nam
568 1959 623 1999 et
651 1951 1089 2008 dissimulavimus,
1119 1959 1189 2009 et,
1218 1959 1276 1999 ut
1304 1956 1495 2016 opinor,
1523 1970 1625 2000 non
1652 1957 1893 2002 acerrime

405 2026 796 2073 adservabimur.
864 2026 1133 2089 Navigatio
1155 2026 1304 2073 modo
1327 2029 1409 2084 sit,
1432 2027 1634 2090 qualem
1655 2034 1793 2092 opto,
1814 2045 1893 2075 ce·-

403 2107 532 2155 tera,
559 2116 691 2163 quae
719 2099 923 2163 quidem
961 2099 1166 2146 consilio
1191 2100 1441 2163 provideri
1466 2108 1725 2164 poterunt,
1750 2118 1893 2149 cave-

402 2174 606 2220 buntur.
673 2173 768 2230 Tu,
791 2173 912 2220 dum
935 2174 1189 2230 adsumus,
1212 2191 1311 2221 non
1334 2175 1484 2222 modo
1507 2191 1637 2238 quae
1659 2178 1785 2223 scies
1808 2193 1891 2223 au-

402 2248 634 2304 djerisve,
672 2247 762 2295 sed
799 2250 954 2295 etiam
993 2265 1124 2312 quae
1161 2247 1333 2295 futura
1369 2248 1668 2312 providebis,
1705 2250 1891 2297 scribas

402 2321 565 2368 velim.

466 2395 610 2451 Cato,
639 2398 723 2458 qui
751 2394 970 2441 Siciliam
998 2403 1174 2442 tenere
1204 2395 1339 2442 nullo
1368 2399 1574 2459 negotio
1601 2399 1769 2459 potuit
1799 2397 1889 2459 (et,

402 2472 442 2517 si
467 2472 730 2525 tenuisset,
755 2486 928 2516 omnes
953 2471 1069 2516 boni
1096 2469 1159 2516 ad
1185 2486 1301 2516 eum
1326 2486 1378 2516 se
1404 2470 1774 2530 contulissent),
1800 2469 1887 2533 Sy-

401 2547 586 2590 racusis
605 2543 861 2607 profectus
881 2550 959 2591 est
980 2551 1099 2591 ante
1120 2544 1255 2591 diem
1275 2559 1367 2590 V111
1391 2544 1452 2589 K.
1479 2543 1622 2600 Mai„
1645 2550 1702 2590 ut
1723 2543 1788 2590 ad
1807 2559 1888 2590 me

401 2647 488 2692 342
