1988 3008
693 167 976 215 MARCUS
1019 168 1319 216 TULLIUS
1365 169 1622 217 CICERO

411 298 704 342 arcessitum
736 313 766 342 a
797 296 1029 352 Caesare,
1060 314 1175 343 cum
1207 314 1267 344 eo
1298 298 1362 344 de
1393 315 1507 345 meo
1539 302 1705 346 animo
1736 315 1766 346 a
1796 303 1896 347 suis

410 374 687 419 rationibus
710 373 1010 419 alienissimo
1032 381 1085 420 et
1107 374 1310 420 consilio
1331 374 1647 438 relinquendi
1671 375 1901 431 Italiam3

411 455 465 494 et
505 448 630 495 haec
670 452 778 512 ipsa
823 450 1016 496 timide.
1086 449 1186 497 Sed
1225 451 1362 498 nulla
1401 459 1574 498 nostra
1613 452 1760 515 culpa
1799 459 1896 509 est,

409 532 591 571 natura
627 526 905 573 metuenda
941 533 1034 573 est.
1104 527 1246 574 Haec
1283 527 1570 585 Curionem,
1606 528 1731 576 haec
1769 527 1897 575 Hor·

410 605 541 648 tensi
565 602 739 659 filium,
761 620 862 650 non
883 610 1086 666 patrum
1107 604 1255 667 culpa
1276 608 1513 668 corrupit.

474 678 615 726 Iacet
653 682 704 725 in
740 696 969 727 maerore
993 696 1133 727 meus
1169 680 1331 728 frater
1367 698 1533 745 neque
1568 690 1677 730 tam
1713 682 1777 730 de
1801 698 1892 730 sua

409 758 512 801 vita
553 772 704 818 quam
744 755 809 802 de
848 773 964 803 mea
992 760 1192 804 metuit.
1261 757 1393 805 Huic
1421 765 1480 806 tu
1518 757 1634 806 huic
1672 767 1731 806 tu
1760 759 1902 806 malo

406 831 550 878 adfer
583 833 967 890 consolationes,
990 837 1031 880 si
1057 834 1180 880 ullas
1205 842 1383 897 potes;
1437 839 1658 882 maxime
1683 836 1895 899 quidem

406 908 541 954 illam
562 908 729 965 velim,
751 926 829 966 ea,
851 926 981 973 quae
1003 910 1068 957 ad
1088 927 1177 958 nos
1199 911 1370 958 delata
1390 915 1510 969 sint,
1530 919 1619 959 aut
1639 911 1765 959 falsa
1785 928 1895 959 esse

408 992 496 1031 aut
526 989 733 1034 minora.
802 985 946 1045 Quae
975 990 1017 1033 si
1046 1003 1167 1034 vera
1195 990 1314 1044 sint,
1345 988 1466 1052 quid
1494 988 1723 1036 futurum
1751 991 1817 1036 sit
1846 991 1898 1035 in

408 1060 500 1108 hac
536 1065 640 1109 vita
675 1070 729 1109 et
763 1062 902 1127 fuga,
939 1067 1122 1111 nescio.
1192 1064 1340 1121 Nam,
1375 1068 1415 1111 si
1451 1064 1757 1112 haberemus
1793 1081 1900 1112 rem

408 1139 677 1200 publicam,
705 1140 968 1186 consilium
996 1139 1114 1186 mihi
1145 1158 1246 1188 non
1273 1141 1475 1189 deesset
1505 1158 1597 1189 nec
1626 1142 1692 1189 ad
1717 1144 1902 1189 severi-

406 1222 570 1261 tatem
586 1232 679 1262 nec
695 1215 760 1262 ad
774 1216 1156 1280 indulgentiam.
1227 1217 1370 1264 Nunc
1386 1217 1511 1265 haec
1526 1221 1630 1265 sive
1645 1217 1902 1266 iracundia

405 1295 509 1338 sive
534 1292 704 1339 dolore
727 1296 830 1339 sive
856 1301 998 1340 metu
1022 1302 1281 1356 permotus
1306 1298 1506 1358 gravius
1531 1298 1725 1358 scripsi,
1749 1311 1901 1359 quam

407 1376 496 1415 aut
523 1376 640 1415 tuus
669 1372 720 1415 in
747 1369 886 1416 illum
915 1386 1055 1417 amor
1083 1378 1171 1417 aut
1199 1387 1340 1417 meus
1370 1371 1679 1433 postulabat,
1707 1375 1748 1418 si
1778 1388 1899 1418 vera

407 1452 542 1501 sunt,
569 1449 814 1508 ignosces,
840 1449 879 1492 si
908 1446 1050 1502 falsa,
1077 1463 1159 1493 me
1188 1447 1379 1494 libente
1408 1451 1590 1510 eripies
1618 1446 1739 1493 mihi
1768 1446 1900 1494 hunc

407 1538 644 1568 errorem.
714 1521 928 1586 Quoquo
965 1523 1112 1570 modo
1150 1540 1269 1570 vero
1305 1540 1359 1571 se
1395 1540 1474 1571 res
1510 1523 1740 1580 habebit,
1778 1523 1899 1570 nihil

407 1599 692 1662 adsignabis
719 1615 812 1646 nec
839 1607 1021 1662 patruo
1049 1616 1141 1646 nec
1169 1604 1317 1662 patri.

471 1675 599 1721 Cum
629 1675 754 1722 haec
784 1679 1112 1738 scripsissem,
1145 1694 1174 1723 a
1206 1676 1423 1724 Curione
1455 1676 1575 1723 mihi
1609 1680 1899 1725 nuntiatum

408 1760 485 1799 est
506 1769 623 1798 eum
642 1752 707 1798 ad
725 1769 807 1799 me
827 1756 1014 1800 venire.
1084 1753 1308 1800 Venerat
1330 1758 1465 1800 enim
1486 1757 1525 1800 is
1546 1757 1598 1799 in
1617 1753 1900 1800 Cumanum

407 1833 603 1891 vesperi
643 1829 824 1891 pridie,
867 1829 918 1875 id
961 1837 1038 1876 est
1084 1829 1270 1876 Idibus.
1339 1828 1388 1876 Si
1434 1829 1554 1893 quid
1596 1833 1752 1894 igitur
1795 1833 1899 1876 eius

408 1906 542 1951 modi
563 1922 729 1952 sermo
752 1909 857 1952 eius
880 1906 1131 1961 attulerit,
1155 1906 1287 1969 quod
1311 1906 1374 1952 ad
1397 1914 1451 1953 te
1473 1906 1795 1953 scribendum
1816 1909 1898 1962 sit,

407 1982 459 2028 id
484 1981 557 2027 his
585 1981 766 2028 litteris
794 1982 1081 2046 adiungam.

472 2058 743 2105 Praeteriit
774 2058 939 2105 villam
971 2075 1137 2105 meam
1168 2058 1319 2106 Curio
1350 2062 1594 2122 iussitque
1623 2057 1744 2105 mihi
1775 2075 1898 2106 nun-

405 2138 520 2181 tiari
554 2151 672 2181 mox
703 2151 758 2181 se
792 2142 1062 2182 venturum
1095 2138 1420 2198 cucurritque
1455 2134 1708 2192 Puteolos,
1740 2143 1798 2182 ut
1831 2136 1897 2182 ibi

407 2215 800 2258 contionaretur.
869 2211 1199 2258 Contionatus
1240 2219 1336 2268 est,
1373 2212 1542 2267 rediit,
1579 2210 1676 2259 fuit
1715 2211 1780 2259 ad
1816 2228 1898 2258 me

407 2303 528 2333 sane
567 2287 667 2334 diu.
737 2286 782 2333 O
817 2303 925 2334 rem
964 2287 1190 2335 foedam!
1260 2287 1402 2335 Nosti
1439 2286 1722 2342 hominem3
1776 2286 1896 2334 nihil

406 2363 694 2419 occultavit,
741 2367 791 2409 in
839 2367 1012 2425 primis
1061 2363 1179 2409 nihil
1229 2379 1338 2410 esse
1386 2367 1591 2419 certiuS‚
1640 2380 1790 2427 quam
1839 2371 1896 2410 ut

408 2455 599 2495 omnes,
634 2443 717 2503 qui
756 2439 866 2504 lege
902 2439 1140 2503 Pompeia
1174 2439 1493 2487 condemnati
1530 2447 1718 2496 essent,
1752 2442 1894 2487 resti-

409 2555 497 2599 286
