1988 3008
96 2359 192 2407 Scr.
215 2357 264 2404 in

96 2423 342 2472 Formiano

99 2491 220 2538 Non.
247 2489 394 2535 Mart.

98 2576 141 2605 a.
169 2558 261 2608 705

708 246 992 294 MARCUS
1037 246 1338 294 TULLIUS
1383 246 1635 294 CICERO

429 376 558 423 hanc
581 378 959 423 cunctationem
984 381 1211 422 nostram
1237 391 1335 421 non
1361 375 1559 438 probari
1583 374 1846 439 multaque
1871 379 1920 423 in

428 471 510 500 me
525 461 578 500 et
593 469 766 500 severe
782 455 833 498 in
846 453 1085 499 conviviis
1098 453 1415 515 tempestivis
1430 451 1636 515 quidem
1649 451 1918 515 disputari.

494 531 745 578 Cedamus
767 533 921 594 igitur
945 536 1014 585 et,
1037 536 1095 576 ut
1116 529 1235 576 boni
1256 531 1390 575 cives
1413 531 1584 585 simus,
1607 528 1797 576 bellum
1821 529 1916 576 Ita-

434 609 530 655 liae
551 615 688 654 terra
707 610 935 670 marique
956 605 1230 653 inferamus
1252 613 1305 652 et
1325 605 1441 652 odia
1459 606 1800 669 improborum
1820 623 1920 652 rur-

432 703 514 732 sus
540 688 591 731 in
618 701 726 740 nos,
754 700 884 747 quae
913 686 1013 730 iam
1041 685 1295 730 exstincta
1323 690 1485 738 erant,
1513 682 1839 730 incendamus
1870 689 1923 730 et

434 764 616 810 Luccei
656 761 862 808 consilia
900 777 957 807 ac
995 758 1289 823 Theophani
1328 776 1707 824 persequamur.
1794 759 1922 822 Nam

432 840 596 904 Scipio
615 838 695 886 vel
713 841 765 884 in
784 837 980 902 Syriam
999 837 1329 901 proficiscitur
1348 843 1483 883 sorte
1502 835 1583 883 vel
1600 853 1716 883 cum
1735 853 1923 901 genero

432 917 645 964 honeste
663 915 742 962 vel
759 915 1030 962 Caesarem
1047 913 1181 978 fugit
1196 916 1398 960 iratum.
1453 908 1684 960 Marcelli
1701 913 1924 976 quidem,

434 997 526 1042 nisi
551 993 775 1059 gladium
801 992 1029 1039 Caesaris
1054 993 1361 1047 timuissent,
1386 996 1669 1037 manerent.
1730 990 1924 1053 Appius

435 1079 513 1119 est
530 1071 709 1119 eodem
726 1072 777 1116 in
792 1072 974 1117 timore
992 1075 1047 1116 et
1061 1069 1439 1115 inimicitiarum
1454 1069 1737 1114 recentium
1753 1069 1923 1113 etiam.

436 1149 644 1196 Praeter
677 1147 809 1194 hunc
843 1154 898 1194 et
932 1146 986 1193 C.
1023 1145 1251 1192 Cassium
1285 1144 1462 1208 reliqui
1501 1143 1673 1208 legati,
1710 1143 1926 1191 Faustus

434 1244 524 1291 pro
549 1232 847 1289 quaestore;
890 1239 985 1288 ego
1010 1239 1155 1279 unus,
1179 1225 1257 1269 cui
1284 1223 1532 1269 utrumvis
1555 1220 1691 1268 licet.
1750 1220 1928 1268 Frater

436 1303 649 1359 accedit,
682 1318 834 1366 quem
868 1303 1056 1347 socium
1088 1298 1235 1346 huius
1268 1297 1507 1345 fortunae
1542 1314 1652 1345 esse
1685 1314 1786 1345 non
1819 1303 1928 1344 erat

437 1397 671 1445 aequum.
751 1378 842 1425 Cui
888 1379 1049 1441 magis
1096 1379 1252 1424 etiam
1299 1374 1486 1422 Caesar
1532 1377 1793 1430 irascetur,
1840 1373 1928 1421 sed

438 1463 710 1521 impetrare
752 1472 852 1503 non
893 1470 1112 1518 possum,
1154 1460 1212 1500 ut
1252 1458 1476 1499 maneat.
1547 1451 1795 1498 Dabimus
1835 1449 1930 1498 hoc

442 1535 696 1598 Pompeio,
740 1532 876 1596 quod
919 1531 1178 1578 debemus.
1248 1528 1379 1575 Nam
1423 1545 1505 1576 me
1551 1527 1757 1591 quidem
1803 1527 1928 1574 alius

440 1629 588 1660 nemo
609 1616 798 1665 movet,
820 1625 920 1656 non
943 1624 1107 1655 sermo
1128 1607 1392 1662 bonorum,
1415 1608 1500 1669 qui
1523 1604 1646 1652 nulli
1671 1611 1807 1661 sunt,
1829 1621 1928 1651 non

439 1705 606 1744 causa,
638 1703 768 1750 quae
800 1692 916 1732 acta
945 1683 1123 1731 timide
1156 1690 1251 1739 est,
1284 1689 1465 1746 agetur
1495 1682 1740 1745 improbe.
1811 1680 1929 1735 Uni,

441 1769 524 1814 uni
543 1765 636 1812 hoc
654 1764 831 1811 damus
848 1778 913 1809 ne
930 1761 982 1808 id
1000 1760 1204 1824 quidem
1221 1762 1421 1823 roganti
1438 1775 1533 1806 nec
1550 1775 1694 1805 suam
1710 1774 1928 1811 causam,

442 1851 500 1890 ut
538 1845 625 1895 ait,
665 1842 856 1904 agenti,
895 1838 983 1886 sed
1023 1837 1289 1900 publicam.
1359 1835 1434 1882 Tu
1474 1835 1594 1899 quid
1633 1837 1827 1898 cogites
1866 1834 1930 1881 de

440 1917 748 1967 transeundo
776 1919 825 1962 in
851 1915 1076 1979 Epirum,
1102 1917 1227 1960 scire
1254 1929 1372 1959 sane
1401 1912 1561 1959 velim.

1165 2162 1213 2208 II

932 2273 1105 2304 CICERO
1141 2271 1313 2302 ATTICO
1348 2270 1444 2301 SAL.

511 2354 617 2402 Etsi
643 2353 799 2400 Nonis
823 2351 1024 2398 Martiis
1047 2351 1128 2397 die
1151 2357 1258 2404 tuo,
1279 2355 1338 2395 ut
1359 2351 1551 2411 opinor,
1574 2346 1933 2410 exspectabam

449 2431 717 2496 epistulam
744 2446 774 2476 a
799 2436 853 2475 te
882 2428 1176 2491 longiorem,
1203 2433 1376 2471 tamen
1405 2423 1469 2470 ad
1496 2440 1609 2470 eam
1635 2426 1795 2487 ipsam
1823 2423 1932 2467 bre-

794 2567 812 2593 ¹
840 2566 900 2608 Or
916 2566 941 2582 “
959 2578 1071 2619 your
1087 2562 1337 2616 birthday.''
1394 2562 1459 2603 Cf.
1476 2563 1533 2610 ix,
1550 2564 1590 2602 5.

454 2650 538 2708 178
