1988 3008
714 174 998 222 MARCUS
1042 174 1344 222 TULLIUS
1390 174 1643 223 CICERO

430 320 531 349 non
560 310 761 358 amant3
805 306 1082 366 municipia
1109 319 1225 349 vero
1252 309 1305 350 et
1342 306 1514 349 rustici
1542 302 1752 350 Romani
1778 302 1917 351 illum

430 390 685 438 metuunt,
714 381 846 428 hunc
885 381 1048 428 adhuc
1085 381 1318 446 diligunt.
1388 381 1558 441 Quare
1594 385 1668 430 ita
1705 390 1910 447 paratus

430 469 527 518 est,
555 469 629 518 ut,
657 465 855 508 etiamsi
882 465 1081 509 vincere
1108 478 1209 509 non
1235 465 1409 526 possit,
1437 479 1536 526 quo
1563 462 1712 510 modo
1740 469 1911 510 tamen

429 544 559 588 vinci
585 545 693 605 ipse
720 545 896 605 possit,
924 558 1025 588 non
1052 541 1267 589 videam.
1335 542 1446 606 Ego
1474 549 1648 590 autem
1675 559 1775 590 non
1803 549 1912 590 tam

426 624 641 686 γοητείαν
667 620 813 668 huius
840 624 997 668 timeo
1024 638 1177 685 quam
1200 625 1524 687 πειθανάγκην.
1580 621 1607 639 “
1633 626 1693 671 Αἱ
1716 624 1808 689 γὰρ
1830 627 1919 672 τῶν

426 704 655 764 τυράννων
678 700 909 764 δεήσεις,”
929 704 1094 766 inquit
1118 704 1336 759 Πλάτων,
1360 709 1387 729 “
1405 703 1526 752 οἶσθ’
1550 704 1621 752 ὅτι
1643 704 1919 767 μεμιγμέναι

429 780 698 847 ἇνάγκαις.”

493 861 585 908 Illa
605 863 800 924 ἀλίμενα
823 861 968 909 video
990 863 1081 909 tibi
1108 879 1208 909 non
1230 863 1443 926 probari.
1513 862 1657 921 Quae
1694 879 1757 910 ne
1794 862 1913 910 mihi

429 942 635 1004 quidem
656 942 956 1006 placebant;
992 942 1083 989 sed
1099 941 1352 989 habebam
1369 946 1420 989 in
1439 942 1534 989 illis
1554 951 1607 990 et
1626 943 1917 990 occultatio-

429 1038 546 1068 nem
588 1029 642 1069 et
681 1024 937 1085 ὑπηρεσίαν
973 1022 1189 1069 fidelem.
1259 1022 1404 1081 Quae
1446 1025 1485 1069 si
1527 1022 1648 1069 mihi
1689 1022 1917 1070 Brundisi

429 1109 779 1164 suppeterent,
818 1102 1048 1157 mallem;
1104 1102 1194 1149 sed
1232 1104 1297 1149 ibi
1337 1102 1609 1150 occultatio
1646 1102 1782 1150 nulla
1820 1110 1915 1151 est.

428 1181 632 1237 Verum,
657 1189 714 1228 ut
738 1183 926 1238 scribis,
950 1199 1064 1229 cum
1088 1185 1316 1229 sciemus.

493 1261 620 1308 Viris
648 1263 791 1308 bonis
818 1279 900 1309 me
929 1279 1029 1309 non
1057 1265 1201 1309 nimis
1231 1279 1429 1310 excuso.
1499 1263 1636 1322 Quas
1668 1267 1801 1311 enim
1831 1280 1915 1311 eos

427 1358 576 1388 cenas
603 1349 656 1388 et
681 1341 847 1389 facere
874 1349 927 1389 et
952 1343 1091 1390 obire
1117 1346 1314 1406 scripsit
1340 1343 1404 1390 ad
1430 1360 1511 1390 me
1536 1343 1738 1400 Sextus,
1764 1361 1916 1407 quam

428 1421 607 1477 lautas,
642 1439 795 1485 quam
827 1423 1183 1486 tempestivas!
1251 1422 1353 1470 Sed
1384 1426 1484 1470 sint
1518 1426 1743 1486 quamvis
1775 1425 1910 1481 boni,

428 1518 527 1548 non
545 1509 661 1548 sunt
680 1501 909 1549 meliores
927 1519 1080 1567 quam
1105 1519 1208 1550 nos.
1281 1502 1550 1551 Moverent
1568 1520 1667 1560 me,
1684 1507 1724 1551 si
1743 1511 1912 1551 essent

428 1580 672 1628 fortiores.

492 1662 572 1708 De
601 1661 859 1709 Lanuvino
888 1661 1139 1710 Phameae
1174 1667 1361 1719 erravi;
1405 1663 1675 1711 Troianum
1700 1667 1914 1712 somnia—

427 1757 612 1788 veram.
683 1742 743 1789 Id
771 1759 866 1806 ego
891 1743 1021 1789 volui
1046 1743 1109 1802 Q,
1137 1743 1228 1790 sed
1250 1744 1403 1807 pluris
1428 1751 1520 1791 est.
1584 1744 1721 1791 Istuc
1743 1752 1915 1792 tamen

428 1820 546 1867 mihi
568 1838 806 1885 cuperem
827 1839 1039 1880 emeres,
1059 1826 1098 1870 si
1120 1823 1273 1870 ullam
1293 1840 1436 1887 spem
1456 1823 1654 1871 fruendi
1676 1824 1912 1872 viderem.

492 1901 593 1947 Nos
628 1918 757 1965 quae
793 1910 1016 1950 monstra
1052 1903 1238 1950 cotidie
1273 1904 1516 1968 legamus,
1549 1904 1817 1969 intelleges
1852 1921 1914 1952 ex

428 1981 509 2027 illo
533 1981 725 2038 libello,
752 1985 837 2045 qui
859 1986 911 2028 in
935 1983 1204 2046 epistulam
1226 1986 1483 2031 coniectus
1507 1992 1599 2032 est.
1670 1984 1916 2033 Lentulus

427 2068 597 2107 noster
634 2060 856 2109 Puteolis
893 2070 970 2109 est
1005 2064 1245 2126 ἀδημονῶν
1280 2067 1338 2120 iS‚
1376 2071 1433 2111 ut
1481 2063 1685 2112 Caesius
1728 2073 1914 2122 narrat,

427 2141 547 2203 quid
562 2149 696 2204 agat.
746 2145 1014 2206 Διατροπὴν
1029 2142 1389 2191 Corfiniensem
1408 2143 1717 2192 reformidat.
1769 2143 1911 2192 Pom-

426 2223 539 2282 peio
565 2238 695 2267 nunc
720 2229 869 2284 putat
901 2226 1022 2269 satis
1051 2222 1262 2279 factum,
1288 2223 1533 2270 beneficio
1558 2224 1784 2272 Caesaris
1809 2241 1912 2272 mo·

426 2307 587 2355 vetur,
611 2301 700 2347 sed
723 2309 897 2348 tamen
921 2310 1150 2349 movetur
1174 2307 1332 2366 magis
1356 2311 1623 2366 prospecta
1644 2320 1714 2351 re.

489 2379 627 2426 Tene
662 2379 786 2427 haec
820 2397 965 2444 posse
1001 2381 1166 2430 ferre?
1233 2382 1416 2430 Omnia
1457 2386 1654 2441 misera,
1690 2383 1781 2432 sed
1814 2383 1908 2432 hoc

427 2563 516 2617 248
