1988 3008
95 1597 190 1645 Scr.
226 1597 396 1646 Canusi

98 1664 143 1710 X
168 1663 227 1710 K.
255 1664 401 1710 Mart.

95 1748 138 1776 a.
164 1733 255 1780 705

725 252 1008 300 MARCUS
1052 250 1354 298 TULLIUS
1400 250 1652 298 CICERO

509 383 653 428 Nunc
692 381 828 444 quod
865 388 1011 426 tuum
1049 378 1310 425 consilium
1350 386 1438 425 aut
1478 394 1608 441 quae
1648 380 1777 425 ratio
1814 377 1932 425 belli

445 463 524 513 sit,
556 463 743 522 ignoro.
813 456 861 502 Si
892 455 1168 503 tenendam
1196 454 1325 501 hanc
1354 472 1494 501 oram
1521 461 1690 518 putas,
1719 471 1850 518 quae
1880 461 1934 501 et

445 537 844 598 oportunitatem
868 540 921 580 et
945 533 1248 596 dignitatem
1272 531 1429 578 habet
1453 538 1507 578 et
1531 533 1761 595 egregios
1784 533 1934 587 cives,

446 619 516 667 et,
540 618 598 657 ut
623 612 852 665 arbitror,
876 612 1041 656 teneri
1064 615 1253 672 potest,
1278 625 1402 671 opus
1429 615 1506 654 est
1531 624 1659 664 esse,
1683 610 1768 672 qui
1792 623 1935 670 prae-

445 691 537 742 sit3
571 690 645 734 sin
671 689 837 733 omnia
862 689 911 731 in
937 702 1092 732 unum
1115 685 1281 732 locum
1304 683 1650 731 contrahenda
1673 691 1810 740 sunt,
1835 700 1935 730 non

445 765 639 819 dubito,
659 766 779 826 quin
800 762 864 809 ad
883 770 936 809 te
957 765 1133 809 statim
1153 764 1370 817 veniam,
1390 778 1490 825 quo
1508 760 1630 808 mihi
1650 759 1773 808 nihil
1792 767 1934 824 opta-

444 844 544 887 tius
576 848 670 895 est,
701 840 854 902 idque
884 846 1074 894 tecum,
1105 855 1204 902 quo
1235 838 1318 885 die
1350 839 1414 885 ab
1445 838 1569 885 urbe
1600 837 1935 893 discessimus,

444 917 638 964 locutus
660 933 784 963 sum.
854 916 981 979 Ego,
1003 918 1042 962 si
1063 918 1141 962 cui
1165 914 1327 962 adhuc
1350 914 1520 961 videor
1540 917 1746 978 segnior
1765 913 1935 970 fuisse,

444 994 564 1040 dum
586 1010 650 1040 ne
671 994 763 1040 tibi
786 992 974 1046 videar,
995 1009 1095 1038 non
1117 991 1304 1046 laboro,
1327 998 1381 1038 et
1401 998 1594 1047 tamen,
1615 993 1672 1046 si,
1693 997 1752 1037 ut
1771 990 1935 1047 video,

444 1069 632 1117 bellum
653 1069 933 1133 gerendum
955 1075 1050 1125 est,
1070 1068 1267 1115 confido
1287 1084 1370 1114 me
1392 1068 1622 1114 omnibus
1643 1066 1792 1115 facile
1813 1069 1935 1114 satis

445 1146 710 1192 facturum.
782 1145 855 1191 M.
897 1145 1131 1200 Tullium,
1171 1162 1342 1191 meum
1381 1147 1737 1200 necessarium,
1777 1143 1843 1191 ad
1881 1150 1935 1191 te

446 1226 572 1279 misi,
598 1226 675 1269 cui
702 1229 777 1278 tu,
803 1225 841 1268 si
869 1223 960 1268 tibi
988 1221 1262 1277 videretur,
1289 1221 1353 1268 ad
1378 1237 1460 1268 me
1486 1220 1683 1268 litteras
1709 1220 1869 1268 dares.

1138 1400 1242 1447 XIc

587 1514 662 1545 CN.
702 1514 898 1545 MAGNUS
934 1513 1129 1544 PRocos.
1167 1513 1204 1544 S.
1243 1513 1288 1543 D.
1327 1512 1379 1543 M.
1418 1513 1648 1544 CICERONI
1685 1513 1790 1544 IMP.

510 1595 557 1641 S.
595 1595 653 1641 V.
691 1595 744 1641 B.
813 1596 945 1641 Tuas
982 1595 1176 1642 litteras
1212 1594 1430 1641 libenter
1466 1594 1579 1658 legi.
1651 1594 1936 1658 Recognovi

447 1675 580 1718 enim
609 1679 752 1718 tuam
781 1674 1043 1734 pristinam
1075 1674 1315 1718 virtutem
1345 1674 1501 1717 etiam
1531 1674 1580 1717 in
1610 1670 1775 1717 salute
1803 1687 1936 1717 com-

446 1752 598 1795 muni.
669 1748 908 1795 Consules
936 1748 1001 1795 ad
1027 1764 1144 1794 eum
1170 1750 1469 1804 exercitum,
1497 1764 1649 1810 quern
1675 1750 1727 1793 in
1752 1746 1938 1810 Apulia

446 1824 615 1881 habui,
636 1832 897 1871 venerunt.
970 1823 1163 1888 Magno
1183 1841 1335 1888 opere
1355 1831 1408 1870 te
1429 1823 1600 1870 hortor
1620 1841 1709 1887 pro
1733 1831 1822 1870 tuo
1841 1826 1936 1870 sin-

444 1901 602 1965 gulari
629 1909 979 1965 perpetuoque
1006 1901 1174 1948 studio
1199 1904 1249 1947 in
1276 1918 1383 1947 rem
1408 1900 1680 1964 publicam,
1711 1907 1768 1947 ut
1792 1907 1846 1947 te
1873 1899 1937 1947 ad

444 1995 532 2024 nos
560 1977 804 2034 conferas,
835 1985 891 2024 ut
918 1981 1169 2025 communi
1198 1977 1403 2024 consilio
1430 1980 1502 2024 rei
1531 1977 1764 2040 publicae
1799 1975 1936 2023 adfli-

442 2062 555 2101 ctae
573 2071 721 2117 opem
739 2062 892 2118 atque
911 2055 1151 2101 auxilium
1167 2053 1402 2102 feramus.
1448 2053 1660 2110 Censeo,
1677 2056 1756 2100 via
1771 2053 1937 2117 Appia

444 2134 539 2178 iter
565 2130 717 2178 facias
743 2139 797 2178 et
820 2131 1054 2178 celeriter
1078 2131 1398 2178 Brundisium
1424 2133 1610 2178 venias.

1133 2292 1245 2340 XId

627 2406 680 2436 M.
720 2406 892 2436 CICERO
930 2405 1035 2436 IMP.
1076 2406 1113 2436 S.
1152 2406 1198 2436 D.
1235 2405 1309 2436 CN.
1349 2405 1519 2437 MAGNO
1555 2405 1749 2436 PRocos.

95 2481 191 2529 Scr.
227 2483 423 2532 Formiis
510 2485 634 2532 Cum
663 2487 726 2532 ad
750 2494 804 2533 te
829 2487 1024 2533 litteras
1050 2489 1312 2540 misissem,
1339 2503 1470 2550 quae
1494 2488 1589 2533 tibi
1615 2486 1797 2533 Canusi
1824 2485 1935 2532 red·

98 2548 179 2593 HI
194 2549 253 2595 Κ·
274 2550 420 2597 Marl-
446 2562 583 2608 ditae
607 2569 741 2618 sunt,
764 2565 1098 2625 suspicionem
1122 2562 1308 2610 nullam
1331 2562 1584 2611 habebam
1606 2570 1659 2610 te
1681 2566 1752 2610 rei
1775 2561 1936 2626 publi-

96 2632 139 2660 a.
186 2617 277 2665 705

455 2652 538 2710 138
