1988 3008
692 209 975 257 MARCUS
1020 208 1320 257 TULLIUS
1367 208 1618 256 CICERO

410 343 598 404 perisse
619 346 672 386 et
693 339 993 402 adoptatum
1012 341 1282 401 patricium
1302 355 1331 384 a
1350 337 1567 401 plebeio,
1587 337 1900 385 Gaditanum

411 444 441 473 a
455 426 789 490 Mytilenaeo,
804 431 857 472 et
867 423 1078 471 Labieni
1091 424 1296 471 divitiae
1316 431 1370 471 et
1389 423 1680 471 Mamurrae
1697 423 1901 487 placent

410 520 464 559 et
495 512 636 558 Balbi
666 511 799 558 horti
832 519 885 558 et
914 510 1266 558 Tusculanum.
1336 509 1436 557 Sed
1466 509 1645 557 horum
1675 513 1900 557 omnium

410 598 520 645 fons
543 615 671 645 unus
696 605 788 645 est.
860 596 1118 644 Imbecillo
1139 597 1478 644 resistendum
1500 596 1615 653 fuit,
1639 603 1693 644 et
1715 596 1768 643 id
1791 603 1902 643 erat

410 684 585 739 facile3
631 701 764 731 nunc
793 684 1017 748 legiones
1045 699 1114 740 xl,
1143 687 1402 747 equitatus
1430 690 1623 740 tantus,
1652 690 1902 747 quantum

410 771 563 827 volet,
579 771 943 833 Transpadani,
958 770 1134 833 plebes
1153 771 1362 826 urbana,
1379 777 1459 817 tot
1483 770 1673 817 tribuni
1690 769 1778 833 pl.,
1794 777 1902 816 tam

410 858 610 921 perdita
623 860 876 913 iuventus,
890 864 1038 904 tanta
1052 860 1358 904 auctoritate
1373 857 1495 912 dux,
1509 863 1657 903 tanta
1672 856 1898 903 audacia.

411 944 538 990 Cum
567 943 661 990 hoc
691 951 779 990 aut
810 943 1206 1007 depugnandum
1237 951 1315 990 est
1345 950 1434 990 aut
1463 942 1698 990 habenda
1728 959 1756 990 e
1786 943 1900 1007 lege

410 1034 553 1077 ratio.
623 1029 651 1047 “
677 1028 983 1094 Depugna,''
1015 1033 1196 1094 inquis,
1228 1029 1255 1046 ‘⁶
1281 1033 1448 1093 potius
1481 1046 1632 1092 quam
1664 1028 1900 1076 servias.’'

412 1117 485 1163 Ut
510 1116 664 1180 quid?
707 1120 747 1164 si
772 1119 933 1163 victus
958 1120 1072 1172 eris,
1095 1118 1422 1179 proscribam,
1447 1120 1484 1163 si
1511 1119 1704 1172 viceris,
1727 1123 1902 1163 tamen

412 1204 631 1250 servias?
700 1202 727 1219 ‘⁴
753 1203 888 1261 Quid
904 1202 1274 1267 ergo,”inquis,
1291 1202 1317 1218 ‘⁴
1342 1202 1567 1250 facturus
1585 1203 1673 1249 es?
1698 1201 1726 1218 ”
1757 1202 1902 1250 Idem

410 1290 546 1353 quod
575 1290 813 1353 pecudes,
843 1306 974 1353 quae
1004 1289 1255 1352 dispulsae
1286 1292 1360 1336 sui
1390 1293 1590 1353 generis
1621 1297 1901 1353 sequuntur

410 1393 606 1440 greges.
678 1377 751 1423 Ut
773 1377 863 1423 bos
887 1384 1119 1423 armenta
1141 1379 1211 1422 sic
1235 1392 1331 1440 ego
1353 1377 1510 1422 bonos
1534 1379 1662 1423 viros
1686 1383 1775 1423 aut
1798 1393 1901 1432 eos,

411 1466 714 1526 quicumque
732 1463 965 1510 dicentur
980 1463 1117 1519 boni,
1135 1478 1334 1526 sequar,
1351 1465 1550 1509 etiamsi
1568 1470 1732 1510 ruent.
1766 1462 1902 1521 Quid

411 1553 474 1595 sit
524 1553 771 1612 optimum
822 1549 953 1596 male
1002 1552 1274 1596 contractis
1322 1549 1490 1605 rebus,
1539 1548 1689 1612 plane
1739 1549 1899 1596 video.

412 1636 611 1682 Nemini
643 1643 721 1682 est
751 1639 886 1682 enim
916 1635 1253 1699 exploratum,
1282 1652 1396 1682 cum
1428 1635 1492 1682 ad
1523 1652 1662 1682 arma
1690 1643 1900 1683 ventum

410 1725 492 1777 sit,
525 1723 645 1785 quid
675 1721 902 1769 futurum
933 1725 1015 1778 sit,
1047 1729 1100 1768 at
1131 1721 1253 1769 illud
1283 1723 1531 1778 omnibus,
1563 1725 1603 1768 si
1632 1723 1751 1768 boni
1782 1724 1903 1769 victi

411 1812 527 1863 sint,
553 1825 646 1855 nec
669 1812 720 1854 in
744 1808 901 1855 caede
925 1811 1209 1872 principum
1232 1808 1614 1855 clementiorem
1637 1807 1770 1855 hunc
1794 1808 1900 1855 fore

412 1911 564 1958 quam
590 1895 750 1942 Cinna
775 1895 946 1952 fuerit,
973 1912 1066 1942 nec
1092 1895 1483 1942 moderatiorem
1510 1912 1662 1959 quam
1688 1895 1824 1942 Sulla
1849 1899 1900 1942 in

411 1984 634 2045 pecuniis
658 1981 982 2045 locupletum.
1051 1983 1463 2044 Συμπολιτεύομαί
1480 2003 1560 2029 σοι
1583 1985 1685 2028 iam
1709 1982 1900 2029 dudum

412 2075 465 2114 et
499 2067 719 2115 facerem
753 2068 959 2125 diutius,
994 2071 1085 2114 nisi
1120 2084 1202 2115 me
1236 2067 1440 2114 lucerna
1474 2068 1747 2115 desereret.
1816 2068 1900 2115 Ad

411 2171 659 2201 summam
677 2153 705 2171 “
731 2154 847 2211 D1c,
869 2153 942 2201 M.
962 2153 1164 2201 Tvm.''
1233 2154 1506 2201 Adsentior
1525 2153 1614 2201 Cn.
1638 2152 1896 2218 Pompeio,

410 2240 462 2286 id
485 2247 562 2287 est
583 2241 639 2287 Τ.
666 2239 955 2304 Pomponio.

475 2326 695 2383 Alexim,
712 2326 1128 2374 humanissimum
1146 2343 1378 2391 puerum,
1396 2329 1487 2373 nisi
1509 2326 1641 2373 forte
1661 2327 1781 2374 dum
1803 2343 1898 2390 ego

412 2413 605 2468 absum,
644 2412 936 2460 adulescens
974 2412 1138 2459 factus
1176 2421 1254 2460 est
1292 2413 1363 2475 (id
1402 2416 1535 2460 enim
1574 2429 1725 2477 agere
1765 2413 1895 2460 vide-

412 2499 598 2559 batur),
623 2498 812 2545 salvere
837 2500 1009 2546 iubeas
1036 2499 1196 2546 velim.

412 2604 467 2646 42
