1942 3022
0 1749 94 1796 Ser.
118 1749 165 1796 in

1 1816 275 1879 Pompeiano

0 1882 79 1929 IV
106 1889 184 1928 aut
214 1881 299 1928 III

1 1949 71 1995 Id.
107 1948 217 1995 Dec.
251 1966 293 1995 a.

1 2016 93 2064 704

632 221 915 269 MARCUS
961 221 1261 269 TULLIUS
1307 221 1557 269 CICERO

349 351 517 398 Caelio
535 352 898 398 mutuabimur.
969 351 1078 397 Hoc
1095 358 1152 397 tu
1169 358 1343 398 tamen
1360 351 1643 398 consideres
1660 349 1836 406 velim3

347 437 472 492 puto
501 432 652 484 enim,
678 431 729 473 in
757 435 938 474 senatu
965 430 1003 473 si
1033 428 1235 491 quando
1262 427 1518 490 praeclare
1546 445 1636 491 pro
1663 444 1716 473 re
1745 444 1834 490 pu-

346 505 478 551 blica
509 505 701 561 dixero,
734 504 1044 551 Tartessium
1077 507 1231 551 istum
1265 511 1411 551 tuum
1446 503 1565 550 mihi
1602 506 1838 551 exeunti:

348 581 375 598 “
402 582 526 628 Iube
553 582 697 628 sodes
723 598 953 628 nummos
979 579 1204 628 curare.''

411 659 545 717 Quid
583 658 847 722 superest?
916 658 1102 705 Etiam.
1173 658 1343 705 Gener
1382 666 1459 706 est
1498 661 1660 706 suavis
1698 657 1836 715 mihi,

347 736 556 793 Tulliae,
617 736 902 783 Terentiae.
973 734 1308 793 Quantumvis
1369 735 1446 782 vel
1510 738 1699 800 ingenii
1760 734 1838 782 vel

349 813 706 860 humanitatis:
743 816 864 859 satis
883 820 961 859 est
981 812 1026 868 1;
1062 812 1275 876 reliqua,
1293 828 1423 876 quae
1443 815 1593 869 nosti,
1610 812 1835 860 ferenda.

349 890 452 936 Scis
471 893 623 946 enim,
640 906 764 953 quos
781 893 1142 953 aperuerimus.
1178 889 1275 947 Qui
1294 905 1468 936 omnes
1483 897 1688 953 praeter
1705 906 1838 947 eum,

350 969 413 1014 de
450 984 549 1030 quo
582 983 674 1030 per
708 974 762 1013 te
798 970 1009 1031 egimus,
1044 983 1187 1013 reum
1221 983 1303 1013 me
1324 966 1343 995 2
1378 966 1645 1014 facerent.³
1713 966 1838 1031 Ipsis

349 1048 484 1092 enim
510 1061 791 1107 expensum
816 1060 966 1090 nemo
991 1043 1138 1090 feret.
1208 1042 1309 1090 Sed
1332 1042 1458 1090 haec
1482 1059 1679 1100 coram;
1721 1061 1839 1091 nam

347 1121 494 1168 multi
528 1124 769 1168 sermonis
806 1128 938 1167 sunt.
1007 1120 1199 1167 Tironis
1235 1120 1490 1167 reficiendi
1526 1137 1640 1184 spes
1676 1124 1838 1186 estin

350 1198 441 1245 Μ’.
488 1198 664 1253 Curio;
725 1201 802 1245 cui
848 1215 944 1262 ego
987 1201 1155 1261 scripsi
1201 1198 1293 1244 tibi
1339 1214 1454 1245 eum
1497 1201 1838 1262 gratissimum

346 1276 611 1323 facturum.

413 1353 553 1399 Data
576 1368 607 1398 v
634 1352 752 1399 Idus
780 1353 1050 1399 Decembr.
1079 1369 1108 1399 a
1134 1350 1313 1399 Pontio
1340 1369 1402 1399 ex
1427 1352 1725 1400 Trebulano.

1059 1546 1128 1592 IV

834 1659 1008 1690 CICERO
1042 1659 1216 1690 ATTICO
1251 1660 1347 1691 SAL.

414 1742 713 1805 Dionysium
739 1740 1040 1805 flagrantem
1066 1741 1314 1787 desiderio
1339 1744 1413 1788 tui
1439 1744 1547 1788 misi
1576 1741 1639 1788 ad
1665 1749 1718 1789 te
1744 1759 1837 1789 nec

349 1818 635 1866 mehercule
691 1834 853 1880 aequo
909 1821 1091 1874 animo,
1147 1818 1236 1864 sed
1291 1817 1387 1864 fuit
1441 1819 1835 1866 concedendum.

351 1895 517 1953 Quem
548 1895 752 1958 quidem
782 1897 991 1958 cognovi
1021 1911 1135 1944 cum
1166 1895 1389 1951 doctum,
1422 1895 1557 1958 quod
1586 1894 1706 1942 mihi
1737 1899 1837 1942 iam

354 1979 472 2019 ante
500 1979 609 2018 erat
635 1978 829 2028 notum,
855 1978 966 2018 tum
991 1987 1110 2018 sane
1137 1971 1343 2035 plenum
1370 1972 1531 2028 officii,
1558 1972 1837 2020 studiosum

353 2052 507 2095 etiam
532 2065 676 2094 meae
702 2047 879 2103 laudis,
903 2047 1034 2112 frugi
1059 2047 1332 2105 hominem,
1358 2065 1432 2105 ac,
1456 2065 1520 2095 ne
1545 2048 1836 2096 libertinum

352 2124 555 2171 laudare
579 2124 766 2180 videar,
788 2124 936 2187 plane
961 2128 1118 2171 virum
1142 2125 1345 2172 bonum.
1416 2123 1712 2188 Pompeium
1735 2126 1833 2172 vidi

356 2217 434 2246 1111
454 2200 570 2247 Idus
589 2201 911 2247 Decembres.
966 2201 1168 2248 Fuimus
1187 2218 1286 2248 una
1302 2200 1448 2248 horas
1466 2201 1590 2248 duas
1605 2201 1834 2249 fortasse.

353 2276 546 2340 Magna
569 2276 767 2324 laetitia
790 2276 909 2323 mihi
938 2281 1068 2324 visus
1094 2285 1172 2325 est
1197 2277 1342 2325 adfici
1367 2295 1482 2325 meo
1507 2278 1747 2336 adventu,
1771 2279 1835 2326 de

409 2382 424 2405 1
453 2382 558 2420 satis
578 2385 644 2420 est
666 2381 903 2421 Mommsen
922 2396 935 2422 .·
972 2383 1079 2421 satis
1098 2382 1231 2423 MSS.
1252 2397 1265 2423 .·
1303 2383 1522 2423 comitatis
1542 2383 1649 2423 satis
1667 2397 1713 2424 or
1732 2384 1838 2424 satis

352 2434 576 2485 dignitatis
594 2434 823 2474 Lehmann.

410 2488 425 2511 ²
454 2500 542 2526 rem
559 2487 736 2533 Bosiu3;
767 2500 857 2527 rem
872 2501 898 2527 a
914 2500 982 2527 me
996 2489 1163 2529 Purser.

407 2540 421 2562 ³
454 2540 588 2579 facere
608 2544 755 2580 rentur
774 2542 808 2581 Δ
830 2541 1006 2589 Bosiu33
1043 2541 1286 2582 iacerentur
1305 2543 1373 2582 0².

352 2632 408 2676 30
