1988 3008
75 1726 172 1774 Sor.
196 1726 405 1773 Mentur-

75 1794 147 1841 nis
174 1794 251 1839 IX
278 1792 339 1838 K.

76 1860 207 1907 Febr.
238 1877 281 1907 α.
313 1860 406 1910 705

712 244 995 292 MARCUS
1038 244 1340 292 TULLIUS
1385 245 1638 294 CICERO

429 374 619 420 Romae
641 373 938 430 offenderet,
959 391 1144 437 magno
1165 376 1276 420 usui
1296 391 1478 421 causae
1499 382 1702 422 nostrae
1723 374 1917 423 fuisset.

429 457 711 504 Damnasse
741 460 875 503 enim
903 457 1103 504 sceleris
1130 456 1387 504 hominem
1415 460 1633 505 amicum
1658 461 1732 505 rei
1758 458 1919 522 publi-

427 557 517 587 cae
545 558 696 587 causa
724 540 997 597 videretur,
1026 541 1162 603 quod
1189 557 1322 587 nunc
1350 558 1554 604 quoque
1582 541 1800 598 videtur,
1828 541 1918 589 sed

426 628 590 672 minus
613 624 835 688 prodest.
906 625 1018 670 Non
1043 628 1178 671 enim
1199 623 1374 681 habet,
1398 628 1477 671 cui
1499 628 1676 689 prosit,
1700 642 1919 689 eumque

429 710 642 755 arbitror
680 712 962 772 paenitere,
1001 711 1095 755 nisi
1135 708 1267 756 forte
1307 709 1359 755 id
1397 711 1563 772 ipsum
1602 716 1681 756 est
1719 708 1919 766 falsum,

428 793 710 839 discessisse
733 792 888 839 illum.
958 793 1060 839 Nos
1084 792 1290 856 quidem
1312 810 1402 856 pro
1425 799 1566 840 certo
1587 792 1916 841 habebamus.

490 877 560 923 Et
590 876 757 932 velim,
790 893 1115 940 quamquam,
1147 884 1205 924 ut
1236 878 1426 933 scribiS,
1458 877 1748 925 domesticis
1778 884 1832 925 te
1865 878 1919 924 fi-

428 962 574 1007 nibus
619 967 783 1016 tenes,
829 959 1042 1006 formam
1087 959 1207 1006 mihi
1255 962 1390 1007 urbis
1438 978 1678 1024 exponas,
1724 961 1921 1025 ecquod

428 1043 635 1106 Pompei
655 1043 977 1099 desiderium,
997 1060 1187 1106 ecquae
1207 1044 1434 1091 Caesaris
1450 1044 1638 1091 invidia
1655 1052 1920 1108 appareat,

428 1131 584 1175 etiam
609 1128 730 1190 quid
754 1144 960 1174 censeas
985 1127 1049 1174 de
1073 1128 1313 1174 Terentia
1338 1135 1391 1174 et
1414 1127 1593 1184 Tullia,
1617 1128 1808 1175 Romae
1834 1145 1919 1176 eas

428 1228 536 1259 esse
563 1229 627 1258 an
651 1228 849 1258 mecum
874 1228 939 1257 an
964 1211 1131 1275 aliquo
1155 1219 1270 1258 tuto
1293 1211 1416 1258 loco.
1486 1211 1629 1258 Haec
1654 1219 1708 1258 et
1731 1215 1771 1259 si
1797 1213 1919 1276 quid

427 1295 564 1342 aliud
589 1295 654 1342 ad
678 1311 760 1342 me
786 1295 972 1342 scribas
998 1295 1147 1343 velim
1172 1295 1252 1342 vel
1276 1298 1445 1359 potius
1471 1298 1740 1359 scriptites.

1104 1505 1236 1551 XIII

915 1628 1090 1658 CICERO
1123 1628 1297 1659 ATTICO
1332 1627 1429 1659 SAL.

493 1722 574 1768 De
611 1721 952 1768 Vennonianis
987 1720 1139 1766 rebus
1174 1720 1268 1766 tibi
1306 1721 1565 1766 assentior.
1637 1718 1920 1767 Labienum

427 1805 553 1868 ἥρωα
593 1805 772 1851 iudico.
843 1803 1055 1850 Facinus
1096 1805 1197 1849 iam
1237 1802 1323 1849 diu
1362 1802 1555 1849 nullum
1594 1802 1738 1850 civile
1777 1820 1920 1866 prae-

430 1889 625 1944 clarius,
653 1890 756 1951 qui,
783 1894 842 1934 ut
868 1886 1004 1933 aliud
1030 1885 1169 1942 nihil,
1195 1885 1290 1933 hoc
1315 1893 1491 1933 tamen
1517 1885 1751 1950 profecit,
1777 1886 1921 1934 dedit

428 1972 498 2019 illi
527 1972 765 2019 dolorem.
834 1969 935 2018 Sed
964 1973 1121 2017 etiam
1150 1970 1215 2017 ad
1243 1986 1492 2017 summam
1518 1969 1805 2033 profectum
1833 1970 1919 2017 ali-

429 2057 549 2120 quid
589 2062 729 2119 puto.
798 2055 930 2101 Amo
971 2057 1127 2101 etiam
1168 2052 1416 2101 Pisonem.
1486 2053 1638 2100 Cuius
1677 2053 1919 2101 iudicium

428 2142 492 2188 de
536 2156 725 2204 genero
769 2142 990 2202 suspicor
1034 2141 1194 2185 visum
1236 2140 1296 2184 iri
1339 2154 1508 2202 grave.
1578 2137 1917 2202 Quamquam,

428 2241 588 2289 genus
612 2222 730 2270 belli
757 2222 891 2286 quod
917 2225 999 2278 sit,
1025 2222 1178 2269 vides.
1249 2221 1331 2268 Ita
1355 2221 1499 2268 civile
1525 2228 1621 2277 est,
1645 2227 1704 2268 ut
1728 2238 1830 2268 non
1855 2238 1918 2269 ex

427 2312 609 2356 civium
634 2307 959 2362 dissensione,
984 2306 1074 2352 sed
1098 2322 1161 2352 ex
1186 2308 1331 2352 unius
1355 2304 1541 2368 perditi
1565 2307 1684 2352 civis
1709 2305 1920 2352 audacia

429 2400 606 2439 natum
626 2394 705 2437 sit.
776 2390 824 2436 Is
845 2397 1018 2436 autem
1037 2389 1173 2436 valet
1193 2392 1438 2444 exercitu,
1458 2395 1604 2436 tenet
1622 2388 1808 2436 multos
1828 2406 1917 2452 spe

429 2484 483 2523 et
499 2476 768 2538 promissis,
786 2476 953 2519 omnia
969 2475 1192 2519 omnium
1209 2475 1509 2536 concupivit.
1578 2471 1710 2518 Huic
1726 2472 1919 2519 tradita

427 2561 546 2606 urbs
586 2564 664 2604 est
702 2557 838 2603 nuda
874 2556 1142 2621 praesidio,
1180 2555 1370 2604 referta
1407 2557 1576 2620 copiis.
1646 2554 1782 2614 Quid
1819 2562 1914 2613 est,

428 2649 486 2694 60
