1988 3008
639 316 642 317 γ
661 272 944 322 MARCUS
988 273 1291 322 TULLIUS
1337 273 1589 321 CICERO

378 403 638 451 hominum
657 403 795 449 milia
813 405 1026 466 triginta
1051 410 1104 449 et
1128 401 1356 449 consules
1382 402 1482 448 duo
1508 409 1561 448 et
1585 402 1772 448 tribuni
1800 401 1866 464 pl..

378 486 432 524 et
451 485 727 533 senatores,
746 480 831 540 qui
850 476 1057 523 fuerunt
1075 493 1190 523 cum
1209 493 1286 532 eo,
1305 492 1479 522 omnes
1497 492 1613 522 cum
1631 476 1869 521 uxoribus

379 558 432 597 et
483 550 667 597 liberis.
737 550 1098 597 Conscendisse
1150 549 1334 596 dicitur
1380 566 1424 595 a.
1474 549 1523 596 d.
1573 564 1652 594 1111
1702 548 1871 594 Nonas

381 624 611 671 Martias.
681 624 759 670 Ex
815 640 877 670 ea
931 623 1014 670 die
1069 623 1211 670 fuere
1267 625 1658 686 septemtriones
1714 624 1870 668 venti.

379 699 565 755 Naves,
599 699 781 761 quibus
816 714 934 744 usus
969 714 1069 744 non
1105 704 1200 754 est,
1234 713 1409 744 omnes
1444 703 1533 743 aut
1568 695 1871 759 praecidisse

379 780 469 819 aut
493 772 774 818 incendisse
801 770 1028 818 dicunt.'’

444 846 524 892 De
552 845 646 892 hac
672 862 727 892 re
753 845 957 892 litterae
986 844 1044 891 L.
1076 844 1291 891 Metello
1317 845 1524 891 tribuno
1550 842 1617 906 pl.
1647 842 1873 906 Capuam

380 919 564 966 allatae
588 926 707 966 sunt
730 936 760 965 a
783 919 958 965 Clodia
981 935 1143 975 socru,
1166 934 1297 981 quae
1320 920 1429 980 ipsa
1451 919 1667 963 transiit.
1736 916 1872 962 Ante

380 993 619 1039 sollicitus
641 1009 780 1039 eram
801 1000 855 1039 et
876 993 1117 1055 angebar,
1137 994 1267 1038 sicut
1287 1007 1367 1038 res
1387 990 1580 1037 scilicet
1598 993 1708 1052 ipsa
1726 1005 1874 1052 cogev

379 1067 488 1122 bat,
507 1083 622 1113 cum
641 1065 845 1113 consilio
865 1065 1118 1129 explicare
1138 1064 1260 1111 nihil
1278 1080 1479 1128 possem
1495 1078 1507 1118 ;
1531 1079 1662 1110 nunc
1682 1069 1873 1118 autem,

380 1147 651 1203 postquam
685 1138 954 1202 Pompeius
988 1146 1042 1186 et
1074 1138 1303 1185 consules
1338 1154 1401 1185 ex
1437 1136 1586 1184 Italia
1620 1139 1870 1193 exierunt,

383 1231 482 1260 non
508 1231 683 1277 angor,
708 1213 798 1260 sed
824 1213 977 1260 ardeo
1002 1212 1191 1269 dolore,

1267 1292 1373 1340 οὐδέ
1391 1313 1471 1354 μοι
1493 1291 1607 1354 ἦτορ

650 1361 861 1422 ἔμπεδον,
885 1359 991 1407 ἀλλ’
1016 1361 1361 1421 ἀλαλύκτημαι.

383 1467 497 1514 Non
515 1483 643 1522 sum,
659 1469 883 1529 inquam,
899 1464 1020 1511 mihi
1037 1464 1205 1521 crede,
1221 1467 1408 1511 mentis
1424 1480 1627 1527 compos
1644 1478 1656 1519 ;
1673 1470 1876 1510 tantum

383 1541 505 1587 mihi
529 1540 789 1587 dedecoris
814 1539 1072 1586 admisisse
1096 1538 1283 1585 videor.
1356 1537 1512 1584 Mene
1537 1554 1637 1584 non
1661 1541 1878 1600 primum

383 1631 499 1661 cum
528 1612 769 1676 Pompeio
797 1612 1153 1676 qualicumque
1181 1611 1386 1658 consilio
1415 1627 1522 1667 uso,
1550 1610 1734 1658 deinde
1763 1627 1878 1657 cum

384 1688 527 1735 bonis
545 1704 654 1734 esse
672 1689 898 1750 quamvis
913 1702 1066 1733 causa
1081 1693 1276 1732 temere
1292 1685 1563 1732 instituta?
1579 1687 1879 1748 praesertim

385 1778 500 1808 cum
527 1764 560 1807 ii
589 1764 700 1824 ipsi,
730 1777 943 1824 quorum
972 1776 1068 1824 ego
1096 1776 1248 1806 causa
1275 1759 1501 1806 timidius
1531 1774 1613 1805 me
1641 1757 1877 1805 fortunae

385 1835 787 1890 committebam,
820 1851 962 1890 uxor,
996 1833 1114 1890 filia,
1148 1833 1414 1880 Cicerones
1448 1836 1609 1895 pueri,
1642 1847 1724 1878 me
1756 1831 1879 1879 illud

386 1912 528 1972 sequi
554 1908 784 1964 mallent,
808 1907 902 1954 hoc
935 1915 1083 1971 turpe
1120 1914 1173 1954 et
1206 1923 1288 1953 me
1322 1907 1587 1969 indignum
1619 1912 1875 1969 putarent.

388 1986 518 2032 Nam
544 1985 764 2044 Quintus
791 1984 997 2048 quidem
1022 1983 1197 2040 frater,
1223 1982 1463 2047 quicquid
1488 1982 1610 2029 mihi
1635 1982 1877 2046 placeret,

386 2059 438 2106 id
465 2066 662 2106 rectum
690 2075 743 2105 se
771 2065 953 2122 putare
983 2058 1171 2114 aiebat,
1199 2057 1250 2104 id
1278 2060 1445 2104 animo
1474 2059 1775 2120 aequissimo
1803 2072 1878 2103 se·

387 2134 652 2197 quebatur.

450 2206 583 2253 Tuas
614 2222 746 2252 nunc
778 2204 1018 2268 epistulas
1050 2221 1080 2251 a
1109 2207 1271 2268 primo
1301 2204 1431 2268 lego.
1501 2203 1614 2250 Hae
1645 2207 1726 2251 me
1758 2220 1877 2267 pau·

388 2279 491 2326 lum
513 2286 760 2326 recreant.
830 2277 1028 2325 Primae
1050 2285 1261 2325 monent
1284 2285 1337 2325 et
1357 2284 1557 2341 rogant,
1579 2293 1643 2324 ne
1665 2293 1747 2324 me
1768 2294 1878 2341 pro-

386 2354 552 2408 iciam,
570 2355 829 2415 proximae
849 2352 1073 2416 gaudere
1092 2359 1146 2399 te
1166 2350 1442 2398 ostendunt
1461 2367 1542 2397 me
1562 2354 1876 2398 remansisse.

388 2427 488 2474 Eas
511 2443 627 2473 cum
649 2426 780 2490 lego,
803 2429 967 2472 minus
990 2425 1111 2472 mihi
1134 2428 1295 2489 turpis
1318 2425 1507 2481 videor,
1530 2424 1620 2472 sed
1642 2431 1750 2472 tam
1773 2424 1879 2481 diu,

388 2500 510 2547 dum
533 2500 663 2563 lego.
733 2500 934 2547 Deinde
959 2502 1176 2563 emergit
1199 2516 1394 2546 rursum
1419 2498 1558 2545 dolor
1591 2505 1645 2545 et
1680 2502 1880 2563 αἰσχροῦ

389 2575 640 2636 φαντασία.
711 2572 878 2632 Quam
905 2574 970 2621 ob
997 2590 1104 2621 rem
1133 2574 1340 2621 obsecro
1374 2580 1445 2630 te,
1473 2576 1539 2619 mi
1577 2572 1710 2630 Tite,
1740 2575 1878 2636 eripe

393 2663 480 2722 196
