1988 3008
665 202 949 251 MARCUS
993 202 1295 251 TULLIUS
1341 202 1593 252 CICERO

380 331 549 378 multis
566 331 726 377 modis
743 346 890 392 posse
908 333 1163 393 exstingui
1179 331 1486 393 cogitabam,
1501 331 1683 378 urbem
1697 338 1872 391 autem

382 412 435 451 et
463 405 703 467 populum
731 410 962 450 nostrum
989 403 1294 451 servandum
1322 403 1389 451 ad
1414 404 1873 462 immortalitatem,

381 485 628 540 quantum
667 481 719 523 in
758 477 901 524 nobis
945 484 1101 534 esset,
1139 478 1404 540 putabam,
1446 485 1501 525 et
1540 485 1716 526 tamen
1755 495 1871 542 spes

381 551 631 613 quaedam
661 566 744 597 me
776 550 1070 597 oblectabat
1103 549 1214 597 fore
1246 557 1305 597 ut
1338 550 1529 614 aliquid
1559 554 1872 609 conveniret,

379 627 544 687 potius
574 640 726 687 quam
753 631 842 670 aut
868 622 950 670 hic
975 631 1180 670 tantum
1205 624 1412 671 sceleris
1440 632 1530 671 aut
1557 625 1640 672 ille
1666 633 1871 673 tantum

380 697 557 760 flagitii
578 697 893 744 admitteret.

443 771 557 817 Alia
578 787 657 817 res
682 786 814 816 nunc
837 777 950 817 tota
974 776 1071 826 est,
1094 769 1193 816 alia
1217 786 1358 817 mens
1383 787 1513 818 mea.
1582 770 1683 828 Sol,
1708 779 1766 819 ut
1791 779 1871 820 est

380 848 430 891 in
451 853 540 891 tua
563 844 780 907 quadam
804 843 1038 906 epistula,
1060 843 1308 891 excidisse
1329 843 1451 890 mihi
1475 861 1502 891 e
1524 845 1712 892 mundo
1734 845 1870 893 vide-

379 926 477 966 tur.
547 918 620 965 Ut
650 925 879 981 aegrote,
908 917 1031 964 dum
1059 921 1228 964 anima
1258 925 1355 974 est,
1383 934 1498 981 spes
1529 934 1640 966 esse
1669 919 1872 977 dicitur,

379 995 448 1038 sic
480 1008 591 1055 ego,
623 991 790 1055 quoad
821 991 1090 1054 Pompeius
1121 995 1173 1037 in
1205 991 1355 1038 Italia
1385 992 1500 1048 fuit,
1530 1009 1740 1056 sperare
1769 1010 1871 1041 non

380 1066 568 1113 destiti.
638 1066 797 1122 Haec,
837 1064 964 1112 haec
1004 1082 1087 1112 me
1128 1065 1442 1123 fefellerunt,
1483 1073 1556 1123 et,
1595 1074 1654 1114 ut
1693 1083 1871 1114 verum

379 1141 571 1203 loquar,
608 1147 748 1187 aetas
787 1143 888 1186 iam
925 1156 955 1186 a
991 1139 1243 1187 diuturnis
1281 1140 1536 1187 laboribus
1574 1140 1771 1188 devexa
1806 1141 1872 1188 ad

380 1218 539 1261 otium
562 1213 957 1260 domesticarum
978 1230 1061 1261 me
1083 1230 1255 1260 rerum
1278 1214 1621 1261 delectatione
1642 1214 1869 1262 mollivit.

381 1288 542 1344 Nunc,
572 1292 614 1334 si
649 1288 729 1335 vel
762 1287 1043 1351 periculose
1080 1287 1451 1350 experiundum
1487 1291 1603 1344 erit,
1639 1292 1872 1352 experiar

379 1370 538 1418 certe,
563 1369 621 1409 ut
652 1361 768 1409 hinc
800 1362 1010 1409 avolem.
1078 1362 1217 1409 Ante
1243 1365 1470 1425 oportuit
1495 1361 1710 1409 fortasse
1726 1377 1738 1417 ;
1781 1362 1871 1410 sed

381 1453 458 1492 ea,
469 1453 598 1499 quae
613 1439 875 1499 scripsisti,
891 1452 973 1482 me
988 1436 1340 1492 tardarunt,et
1356 1439 1632 1483 auctoritas
1648 1440 1870 1483 maxime

379 1518 484 1557 tua.
554 1510 701 1566 Nam,
726 1527 842 1556 cum
868 1510 933 1556 ad
957 1508 1091 1557 hunc
1115 1510 1281 1557 locum
1306 1513 1575 1567 venissem,
1603 1510 1760 1557 evolvi
1787 1528 1869 1558 vo-

380 1584 551 1630 lumen
570 1584 902 1646 epistularum
919 1591 1143 1640 tum-um,
1163 1584 1298 1647 quod
1318 1601 1413 1648 ego
1431 1584 1525 1631 sub
1542 1588 1686 1648 signo
1704 1583 1869 1632 habeo

379 1673 625 1720 servoque
641 1657 1042 1720 diligentissime.
1110 1658 1237 1704 Erat
1252 1661 1410 1722 igitur
1426 1662 1477 1704 in
1494 1674 1572 1714 ea,
1589 1674 1741 1721 quam
1755 1674 1787 1705 x
1805 1659 1867 1705 K.

382 1731 528 1778 Febr.
548 1730 781 1787 dederas,
798 1729 892 1778 hoc
909 1731 1087 1778 modo:
1123 1731 1151 1748 “
1175 1731 1276 1779 Sed
1293 1731 1571 1788 videamus,
1589 1739 1644 1779 et
1662 1731 1867 1779 Gnaeus

381 1805 502 1868 quid
525 1811 663 1868 agat,
688 1811 742 1852 et
766 1804 895 1851 illius
918 1808 1141 1852 rationes
1168 1822 1407 1868 quorsum
1431 1805 1606 1852 fluant.
1675 1805 1863 1864 Quodsi

380 1882 476 1925 iste
502 1878 702 1924 Italiam
723 1879 996 1941 relinquet,
1018 1879 1174 1926 faciet
1197 1882 1399 1926 omnino
1422 1879 1571 1936 male,
1595 1886 1668 1936 et,
1691 1887 1748 1927 ut
1772 1896 1867 1944 ego

382 1955 632 2007 existimO,
656 1954 936 2017 ἀλογίστως,
959 1952 1050 1999 sed
1078 1960 1191 1999 tum
1227 1952 1433 1999 demum
1462 1953 1666 1999 consilia
1696 1961 1868 2001 nostra

379 2026 736 2072 commutanda
751 2025 955 2073 erunt.''
1022 2026 1132 2073 Hoc
1145 2027 1319 2074 scribis
1335 2034 1449 2090 post
1464 2027 1600 2074 diem
1615 2035 1868 2090 quartum,

381 2115 531 2161 quam
565 2099 629 2144 ab
663 2099 788 2146 urbe
819 2100 1156 2148 discessimus.
1226 2101 1426 2148 Deinde
1459 2117 1551 2147 vm
1589 2101 1651 2148 K.
1688 2102 1868 2149 Febr.:

382 2171 409 2188 “
428 2172 647 2218 Tantum
664 2172 812 2219 modo
830 2173 1033 2220 Gnaeus
1051 2181 1224 2221 noster
1240 2191 1322 2231 ne,
1339 2182 1395 2221 ut
1412 2175 1590 2221 urbem
1606 2177 1868 2241 ἀλογίστως

379 2245 600 2307 reliquit,
620 2249 690 2292 sic
715 2246 914 2292 Italiam
935 2247 1242 2310 relinquat.’'
1308 2248 1503 2295 Eodem
1524 2248 1606 2295 die
1628 2249 1716 2296 das
1741 2250 1865 2296 alte-

379 2334 457 2363 ras
476 2318 693 2374 litteras,
713 2321 891 2381 quibus
912 2320 1035 2366 mihi
1053 2321 1334 2368 consulenti
1352 2322 1640 2384 planissime
1658 2339 1861 2385 respon-

380 2391 484 2437 des.
553 2392 646 2438 Est
678 2397 812 2439 enim
842 2397 940 2440 sic:
989 2394 1016 2410 “
1041 2394 1142 2442 Sed
1172 2398 1316 2442 venio
1347 2395 1412 2442 ad
1441 2396 1868 2443 consultationem

379 2472 535 2511 tuam.
604 2465 653 2511 Si
682 2467 885 2513 Gnaeus
915 2468 1062 2514 Italia
1087 2469 1243 2525 cedit,
1268 2472 1319 2515 in
1345 2469 1524 2515 urbem
1549 2470 1864 2517 redeundum

380 2546 531 2600 put03
575 2556 704 2601 quae
732 2544 868 2587 enim
896 2541 1004 2588 finis
1031 2543 1490 2606 peregrinationis?
1515 2542 1544 2559 ''
1611 2544 1720 2590 Hoc
1746 2542 1865 2590 mihi

382 2609 470 2653 228
