1988 3008
65 1563 162 1611 Ser.
199 1563 396 1611 Formiis

68 1631 145 1677 IV
165 1631 233 1676 Id.

68 1697 216 1745 Mart.
237 1715 281 1745 a.
301 1699 395 1748 705

698 309 980 358 MARCUS
1023 307 1324 357 TULLIUS
1370 307 1621 356 CICERO

480 442 521 487 A
552 439 814 487 Brundisio
841 438 976 485 nulla
1002 436 1165 484 adhuc
1195 436 1331 483 fama
1356 442 1583 492 venerat,
1610 442 1663 483 et
1689 442 1800 483 erat
1824 434 1905 483 hic

414 520 521 568 dies
546 535 617 566 vn
646 519 782 575 Idus,
809 534 908 582 quo
934 517 1016 564 die
1043 517 1420 580 suspicabamur
1446 522 1534 563 aut
1561 515 1721 579 pridie
1749 515 1902 562 Brun-

413 600 594 647 disium
639 602 834 646 venisse
879 597 1163 645 Caesarem.
1234 595 1365 642 Nam
1413 595 1523 642 Kal.
1570 595 1719 659 Arpis
1763 611 1902 642 man-

414 686 565 727 serat.
634 678 751 735 Sed,
775 681 813 725 si
839 676 1136 724 Postumum
1160 676 1333 723 audire
1358 675 1527 732 velles,
1550 682 1905 739 persecuturus

415 767 526 807 erat
546 759 809 813 Gnaeum3
845 760 1084 804 transisse
1105 760 1240 804 enim
1259 759 1360 803 iam
1380 756 1596 819 putabat
1615 758 1907 802 coniectura

414 846 783 903 tempestatum
803 855 861 885 ac
879 838 1090 885 dierum.
1152 836 1262 901 Ego
1281 843 1462 883 nautas
1489 852 1606 882 eum
1633 851 1732 882 non
1757 842 1903 898 puta-

413 920 532 966 bam
567 918 875 974 habiturum,
908 917 990 965 ille
1026 916 1331 972 confidebat,
1369 923 1423 963 et
1459 932 1520 962 eo
1556 917 1734 979 magis,
1771 914 1907 978 quod

415 999 590 1046 audita
634 998 948 1046 naviculariis
992 997 1205 1045 hominis
1251 985 1524 1043 liberalitas
1570 1001 1719 1042 esset.
1789 993 1905 1050 Sed,

415 1086 527 1126 tota
571 1095 650 1126 res
696 1078 995 1125 Brundisina
1040 1094 1140 1142 quo
1185 1076 1335 1124 modo
1377 1075 1566 1123 habeat
1607 1091 1679 1132 se,
1715 1074 1904 1122 diutius

417 1162 607 1206 nescire
632 1175 732 1205 non
754 1175 972 1222 possum.

1130 1371 1198 1419 IV

904 1486 1078 1517 CICERO
1115 1484 1287 1515 ATTICO
1321 1484 1418 1515 SAL.

484 1569 592 1634 Ego
627 1571 719 1616 etsi
755 1575 861 1615 tam
897 1568 982 1614 diu
1018 1570 1293 1630 requiesco,
1327 1582 1480 1629 quam
1515 1565 1598 1611 diu
1636 1570 1723 1611 aut
1758 1563 1819 1610 ad
1855 1571 1909 1611 te

419 1650 580 1697 scribo
610 1656 698 1695 aut
727 1655 841 1695 tuas
873 1647 1066 1694 litteras
1097 1646 1227 1710 lego,
1256 1652 1430 1692 tamen
1461 1651 1514 1691 et
1543 1648 1649 1707 ipse
1680 1660 1806 1708 egeo
1836 1660 1908 1690 ar-

419 1737 664 1795 gumento
686 1727 1015 1792 epistularum
1037 1733 1090 1774 et
1110 1727 1204 1773 tibi
1225 1725 1361 1772 idem
1383 1725 1611 1772 accidere
1633 1731 1772 1771 certo
1793 1725 1908 1770 scio.

419 1810 564 1869 Quae
591 1812 726 1856 enim
751 1807 914 1855 soluto
941 1809 1107 1854 animo
1133 1805 1447 1852 familiariter
1471 1805 1617 1851 scribi
1645 1803 1824 1859 solent,
1851 1819 1912 1850 ea

421 1890 733 1953 temporibus
758 1887 832 1934 his
857 1887 1213 1943 excluduntur,
1238 1902 1369 1949 quae
1395 1891 1568 1932 autem
1592 1891 1711 1931 sunt
1733 1882 1912 1931 horum

422 1978 727 2033 temporum,
754 1985 815 2016 ea
846 1971 947 2014 iam
979 1969 1319 2014 contrivimus.
1389 1964 1489 2012 Sed
1523 1971 1714 2020 tamen,
1740 1980 1804 2011 ne
1830 1980 1911 2010 me

424 2058 591 2098 totum
613 2048 916 2113 aegritudini
940 2047 1142 2102 dedam,
1164 2048 1350 2110 sumpsi
1374 2044 1495 2092 mihi
1518 2043 1763 2108 quasdam
1785 2050 1911 2090 tam·

424 2147 577 2194 quam
619 2131 787 2185 θέσεις,
822 2145 954 2192 quae
997 2135 1050 2174 et
1090 2127 1324 2175 πολιτικαὶ
1370 2132 1488 2172 sunt
1530 2131 1584 2172 et
1625 2131 1911 2187 temporum

425 2210 619 2265 horum,
650 2216 707 2256 ut
736 2215 790 2257 et
819 2208 1065 2255 abducam
1096 2210 1319 2253 animum
1348 2206 1413 2252 ab
1442 2203 1658 2270 querelis
1688 2210 1743 2251 et
1771 2207 1821 2249 in
1851 2219 1911 2251 eo

424 2295 548 2354 ipso,
571 2289 635 2336 de
659 2305 758 2353 quo
782 2291 965 2353 agitur,
990 2303 1241 2334 exercear.
1313 2285 1418 2332 Eae
1441 2291 1559 2332 sunt
1581 2283 1727 2331 huius
1749 2282 1914 2331 modi:

485 2374 544 2418 Εἰ
583 2370 794 2431 μενετέον
835 2372 882 2417 ἐν
921 2370 979 2431 τῇ
1019 2367 1204 2429 πατρίδι
1245 2366 1603 2429 τυραννουμένης
1643 2367 1792 2427 αὖτῆς.
1858 2368 1914 2412 Εἰ

422 2451 559 2499 παντὶ
599 2450 753 2513 τρόπῳ
792 2447 1055 2510 τυραννίδος
1100 2448 1357 2495 κατάλυσιν
1397 2445 1789 2510 πραγματευτέον,
1830 2443 1914 2492 κᾶν

422 2531 578 2593 μέλλῃ
620 2529 694 2576 διὰ
731 2531 870 2576 τοῦτο
909 2527 1011 2590 περὶ
1051 2531 1141 2575 τῶν
1181 2527 1302 2574 ὅλων
1342 2528 1370 2586 ἡ
1411 2526 1548 2576 πόλις
1594 2524 1908 2573 κινδυνεύσειν.

422 2613 480 2656 Εἰ
518 2608 804 2670 εὐλαβητέον
842 2608 922 2656 τὸν
963 2609 1271 2664 καταλύοντα,
1307 2607 1373 2668 μὴ
1415 2607 1550 2656 αὐτὸς
1591 2604 1785 2667 αἴρηται.
1854 2605 1914 2650 Εἴ
1987 2663 1988 2666 ¹

427 2699 512 2743 186
