1988 3008
67 605 162 652 Ser.

67 670 285 718 Luceriae

69 737 198 785 XIV
224 736 284 783 K.

69 805 217 851 Mart.
243 821 285 849 a.

70 873 163 922 705

698 210 980 261 MARCUS
1025 207 1326 257 TULLIUS
1371 205 1621 255 CICERO

1095 422 1228 469 XIIc

535 539 610 570 CN.
648 537 846 569 MAGNUS
882 535 1077 566 PRocos.
1115 535 1151 565 S.
1190 535 1237 565 D.
1274 533 1315 564 L.
1353 532 1564 564 DOMITIO
1599 531 1793 562 PRocos.

484 620 704 666 Litteras
728 620 816 665 abs
839 625 893 664 te
920 617 993 663 M.
1013 615 1246 662 Calenius
1270 614 1336 661 ad
1358 631 1440 661 me
1464 613 1638 660 attulit
1662 629 1710 659 a.
1728 612 1775 659 d.
1794 626 1909 657 xlm

422 696 532 743 Kal.
564 695 807 749 Martias;
850 698 902 740 in
931 694 1111 756 quibus
1137 692 1322 738 litteris
1349 690 1521 737 scribis
1547 690 1641 736 tibi
1667 691 1718 734 in
1745 691 1911 734 animo

421 789 530 820 esse
551 773 816 818 observare
837 770 1124 825 Caesarem,
1144 775 1214 824 et,
1233 770 1273 814 si
1293 766 1571 814 secundum
1588 781 1727 811 mare
1747 764 1812 811 ad
1828 780 1911 810 me

420 853 491 896 ire
509 851 775 912 coepisset,
793 846 1060 894 confestim
1084 848 1136 891 in
1160 843 1419 891 Samnium
1444 842 1510 889 ad
1525 858 1607 889 me
1625 847 1912 897 venturum,

421 930 495 973 sin
520 932 693 972 autem
715 924 797 971 ille
820 927 1006 970 circum
1029 925 1187 969 istaec
1209 921 1318 967 loca
1338 925 1750 975 commoraretur,
1771 924 1826 964 te
1849 920 1912 973 ei,

421 1006 460 1049 si
487 1005 688 1065 propius
716 1003 1026 1055 accessisset,
1051 1001 1287 1045 resistere
1313 996 1456 1044 velle.

484 1079 556 1125 Te
598 1081 764 1124 animo
804 1093 989 1140 magno
1030 1082 1083 1122 et
1122 1074 1240 1121 forti
1279 1077 1431 1120 istam
1467 1089 1577 1119 rem
1617 1087 1768 1136 agere
1809 1073 1913 1118 exi-

421 1159 589 1211 stimo,
609 1154 698 1201 sed
718 1153 1009 1217 diligentius
1029 1152 1172 1198 nobis
1194 1157 1272 1198 est
1291 1150 1582 1205 videndum,
1601 1165 1666 1195 ne
1686 1148 1912 1195 distracti

422 1248 568 1295 pares
595 1247 703 1277 esse
731 1230 1015 1277 adversario
1041 1245 1141 1275 non
1166 1230 1430 1291 possimus,
1455 1243 1571 1272 cum
1594 1224 1678 1272 ille
1703 1240 1913 1288 magnas

422 1311 589 1371 copias
623 1307 811 1354 habeat
846 1313 899 1353 et
932 1308 1146 1352 maiores
1178 1306 1318 1352 brevi
1351 1302 1615 1350 habiturus
1649 1304 1730 1348 sit.
1800 1300 1912 1347 Non

424 1388 558 1432 enim
581 1401 670 1447 pro
692 1391 782 1430 tua
804 1383 1075 1446 prudentia
1097 1381 1253 1428 debes
1274 1380 1398 1427 illud
1420 1378 1580 1426 solum
1603 1377 1915 1425 animadver-

423 1469 552 1516 tere,
588 1467 712 1523 quot
747 1463 798 1506 in
835 1461 1123 1523 praesentia
1157 1457 1389 1504 cohortes
1424 1462 1602 1503 contra
1636 1462 1690 1502 te
1726 1453 1915 1500 habeat

425 1538 628 1592 Caesar,
654 1537 744 1583 sed
771 1543 987 1599 quantas
1011 1536 1152 1582 brevi
1178 1542 1410 1597 tempore
1438 1535 1669 1596 equitum
1695 1538 1749 1578 et
1775 1530 1915 1594 pedi-

425 1621 535 1660 tum
560 1617 726 1676 copias
750 1619 1098 1659 contracturus
1122 1614 1202 1657 sit.
1272 1610 1364 1657 Cui
1387 1612 1460 1660 rei
1483 1610 1776 1655 testimonio
1800 1613 1917 1654 sunt

425 1691 646 1746 litterae,
672 1706 795 1753 quas
820 1689 1090 1735 Bussenius
1117 1688 1181 1734 ad
1205 1704 1286 1734 me
1312 1689 1477 1741 misit;
1518 1688 1571 1731 in
1595 1686 1776 1748 quibus
1801 1686 1915 1730 scri·

426 1768 520 1823 bit,
546 1767 598 1813 id
625 1766 759 1830 quod
788 1767 851 1812 ab
879 1765 986 1812 aliis
1014 1781 1215 1829 quoque
1242 1763 1364 1810 mihi
1391 1763 1643 1819 scribitur,
1669 1759 1919 1825 praesidia

429 1844 713 1896 Curionem,
732 1859 862 1906 quae
880 1846 931 1888 in
950 1842 1162 1888 Umbria
1180 1848 1233 1888 et
1249 1841 1422 1887 Tuscis
1440 1846 1603 1896 erant,
1620 1836 1918 1886 contrahere

429 1928 482 1967 et
507 1921 571 1967 ad
595 1920 862 1966 Caesarem
884 1922 982 1966 iter
1005 1918 1187 1965 facere.
1257 1917 1403 1976 Quae
1426 1919 1466 1963 si
1489 1918 1665 1979 copiae
1687 1918 1740 1961 in
1763 1930 1918 1961 unum

429 1997 592 2045 locum
627 1996 815 2043 fuerint
848 2003 1074 2052 coactae,
1109 2002 1166 2041 ut
1199 2011 1314 2058 pars
1349 1996 1602 2040 exercitus
1637 1991 1702 2039 ad
1735 1990 1919 2038 Albam

429 2077 680 2129 mittatur,
702 2089 816 2136 pars
839 2072 904 2119 ad
925 2079 978 2118 te
1002 2071 1230 2127 accedat,
1252 2078 1310 2118 ut
1332 2087 1432 2116 non
1454 2075 1667 2133 pugnet,
1689 2067 1780 2115 sed
1799 2066 1918 2113 locis

430 2153 529 2196 suis
561 2156 830 2213 repugnet,
860 2148 1110 2204 haerebis,
1142 2163 1309 2210 neque
1341 2146 1472 2193 solus
1503 2162 1617 2192 cum
1648 2147 1746 2190 ista
1776 2146 1919 2206 copia

431 2234 630 2272 tantam
653 2225 1034 2272 multitudinem
1058 2227 1305 2271 sustinere
1331 2225 1536 2287 poteris,
1562 2228 1619 2268 ut
1644 2220 1918 2267 frumenta-

438 2309 547 2349 tum
572 2319 671 2349 eas.

497 2379 664 2436 Quam
701 2379 765 2425 ob
801 2395 909 2425 rem
946 2385 999 2425 te
1036 2393 1221 2441 magno
1258 2393 1411 2440 opere
1447 2371 1731 2431 hortm-,ut
1768 2389 1920 2437 quam

431 2459 648 2518 primum
685 2471 799 2501 cum
837 2455 1066 2500 omnibus
1103 2457 1257 2516 copiis
1294 2452 1388 2499 hoc
1425 2455 1609 2498 venias.
1681 2449 1919 2497 Consules

432 2535 804 2578 constituerunt
840 2531 974 2577 idem
1009 2530 1191 2577 facere.
1261 2530 1371 2593 Ego
1408 2527 1480 2575 M.
1518 2527 1733 2574 Tuscilio
1769 2526 1833 2573 ad
1866 2532 1920 2572 te

435 2621 523 2680 156
