1988 3008
700 188 984 236 MARCUS
1028 189 1329 238 TULLIUS
1373 190 1625 239 CICERO

419 317 583 364 facere
607 334 826 380 possum,
850 324 985 380 opto·
1055 316 1243 376 Quodsi
1269 335 1370 365 una
1393 335 1573 374 essem,
1596 319 1784 382 aliquid
1805 319 1902 367 for-

417 411 551 450 tasse
593 403 832 465 proficere
867 420 1066 467 possem
1103 404 1273 452 videri.
1342 404 1487 452 Nunc
1523 409 1903 470 exspectatione

411 492 612 536 crucior.

889 708 1063 739 cronno
1108 709 1281 740 ATT1co
1326 710 1424 742 SAL.

63 790 159 838 Scr.
185 792 230 838 in
482 789 723 836 Miseram
753 789 816 836 ad
844 797 896 836 te
927 806 1038 836 vnn
1072 790 1132 836 K.
1163 791 1454 854 exemplum
1482 792 1727 855 epistulae
1759 792 1901 839 Balbi

64 858 308 971 Ῑίῧῖῗῐῗζηθ
416 876 479 922 ad
517 893 598 922 me
639 884 692 923 et
730 876 956 923 Caesaris
995 877 1059 923 ad
1099 893 1230 924 eum.
1299 877 1432 925 Ecce
1470 879 1563 925 tibi
1603 879 1783 926 eodem
1821 879 1902 926 die

65 990 177 1054 ΑΡΤ.
216 1008 258 1037 α.
300 992 392 1041 705
417 963 591 1027 Capua
622 963 818 1010 litteras
853 966 1023 1026 accepi
1060 965 1123 1011 ab
1158 963 1219 1022 Q.
1257 963 1414 1012 Pedio
1449 964 1718 1012 Caesarem
1751 965 1816 1013 ad
1849 982 1903 1013 se

415 1050 574 1114 pridie
603 1050 722 1097 Idus
752 1050 966 1097 Martias
993 1053 1184 1098 misisse
1211 1050 1305 1098 hoc
1333 1051 1594 1115 exemplo:
1751 1110 1757 1114 Π

478 1137 505 1153 “
532 1136 798 1200 Pompeius
822 1154 875 1184 se
898 1138 1083 1201 oppido
1104 1144 1265 1185 tenet.
1336 1138 1438 1185 Nos
1461 1139 1526 1186 ad
1546 1147 1718 1203 portas
1738 1146 1904 1188 castra

413 1224 671 1271 habemus.
743 1224 994 1271 Conamur
1047 1242 1171 1288 opus
1226 1243 1467 1290 magnum
1521 1233 1575 1273 et
1627 1227 1904 1275 multorum

413 1312 609 1359 dierum
634 1319 842 1375 propter
868 1311 1193 1359 altitudinem
1219 1315 1384 1360 maris.
1454 1312 1555 1360 Sed
1580 1321 1757 1361 tamen
1782 1313 1903 1361 nihil

414 1407 509 1455 est,
532 1399 668 1462 quod
688 1402 856 1461 potius
879 1398 1135 1446 faciamus.
1205 1400 1287 1446 Ab
1311 1407 1531 1464 utroque
1552 1408 1729 1464 portus
1750 1418 1903 1449 cornu

412 1486 569 1533 moles
600 1489 824 1541 iacimus,
857 1493 914 1533 ut
947 1493 1036 1533 aut
1066 1485 1207 1533 illum
1239 1503 1392 1550 quam
1422 1490 1640 1550 primum
1670 1491 1902 1545 traicere,

412 1573 549 1636 quod
582 1572 738 1619 habet
772 1572 1002 1620 Brundisi
1037 1576 1311 1636 copiarum,
1345 1591 1604 1638 cogamus,
1638 1582 1729 1622 aut
1762 1578 1903 1623 exitu

411 1658 780 1723 prohibeamus.
790 1658 817 1674 ''

477 1746 580 1793 Ubi
611 1754 697 1793 est
720 1746 804 1792 illa
826 1764 944 1810 pax,
968 1747 1031 1794 de
1057 1765 1157 1811 qua
1180 1747 1364 1795 Balbus
1388 1751 1656 1812 scripserat
1679 1753 1900 1815 torqueri

412 1835 500 1880 se?
568 1834 764 1897 Ecquid
780 1835 1025 1890 acerbius,
1043 1835 1225 1898 ecquid
1241 1835 1526 1883 crudelius?
1593 1837 1768 1900 Atque
1787 1854 1902 1885 eum

413 1920 545 1983 loqui
584 1920 790 1984 quidam
825 1923 1093 1973 αὐθεντικῶς
1129 1923 1367 1969 narrabat
1404 1922 1494 1969 Cn.
1529 1922 1787 1981 Carbonis,
1827 1924 1900 1971 M.

411 2007 553 2054 Bruti
578 2024 631 2054 se
653 2012 841 2071 poenas
864 2012 1118 2071 persequi,
1142 2011 1468 2072 omniumque
1492 2026 1683 2067 eorum,
1706 2014 1756 2057 in
1779 2028 1902 2075 quos

411 2093 547 2140 Sulla
580 2094 794 2142 crudelis
827 2093 922 2141 hoc
957 2098 1091 2142 socio
1125 2094 1332 2151 fuisset3
1385 2095 1506 2142 nihil
1542 2096 1814 2145 Curionem
1849 2115 1902 2146 se

411 2180 539 2227 duce
576 2180 760 2237 facere,
798 2182 934 2244 quod
969 2198 1070 2228 non
1105 2181 1186 2229 hie
1223 2181 1359 2229 Sulla
1396 2182 1524 2230 duce
1562 2183 1794 2240 fecisset;
1849 2202 1902 2233 se

411 2267 602 2313 ambire
625 2267 965 2323 reditionem,1
990 2269 1170 2332 quibus
1194 2269 1354 2316 exsilii
1378 2286 1543 2333 poena
1565 2272 1901 2334 superioribus

411 2353 604 2417 legibus
651 2370 750 2400 non
794 2354 988 2411 fuisset,
1034 2356 1098 2403 ab
1142 2355 1224 2403 illo
1270 2359 1463 2419 patriae
1508 2357 1793 2420 proditores
1837 2359 1902 2407 de

409 2458 556 2552 Μὲὲθ
575 2458 740 2499 ambire
756 2460 1013 2500 reditionem
1033 2461 1193 2512 Tyrrell
1210 2461 1295 2502 and
1314 2462 1470 2503 Purser
1486 2476 1501 2503 .·
1537 2462 1594 2502 ad
1613 2463 1900 2504 ambibionem

411 2601 497 2647 252
