1988 3008
50 597 145 643 Scr.
171 597 218 643 in

53 664 258 712 Cumano
281 661 364 709 III
405 687 419 728 i

52 731 173 777 Non.
203 729 324 777 Mai.

50 816 92 844 a.
120 798 213 848 705

685 210 966 258 MARCUS
1011 212 1311 259 TULLIUS
1357 212 1607 260 CICERO

1100 413 1200 458 XII

890 524 1065 555 CICERO
1101 525 1273 555 ATTICO
1309 525 1407 556 SAL.

470 605 726 664 Quidnam
750 604 869 652 mihi
894 606 1121 653 futurum
1145 614 1240 663 est,
1265 614 1353 653 aut
1376 610 1486 670 quis
1509 623 1590 653 me
1615 624 1714 653 non
1737 599 1894 653 solum

423 683 665 738 nfelicior,
688 683 778 730 sed
799 686 900 729 iam
923 686 1079 730 etiam
1101 683 1328 747 turpior?
1397 683 1708 731 Nominatim
1730 683 1793 730 de
1815 700 1897 730 me
1960 726 1962 729 ,

407 762 497 807 sibi
535 763 842 824 imperatum
877 760 1001 807 dicit
1035 761 1304 817 Antonius,
1341 777 1433 807 nec
1467 777 1549 808 me
1584 768 1757 808 tamen
1790 763 1898 823 ipse

407 837 570 884 adhuc
589 837 799 893 viderat,
818 837 908 884 sed
923 836 1018 884 hoc
1034 837 1273 884 Trebatio
1291 841 1528 885 narravit.
1598 837 1733 896 Quid
1750 854 1897 901 agam

407 932 555 971 nunc,
582 919 659 962 cui
689 914 809 961 nihil
836 915 1082 978 procedit,
1107 915 1399 978 caduntque
1427 932 1504 971 ea,
1531 932 1662 978 quae
1689 914 1897 978 diligen-
1959 963 1961 969 ,

406 996 599 1039 tissime
624 999 742 1039 sunt
766 995 1008 1056 cogitata,
1034 992 1364 1039 taeterrime?
1432 991 1543 1055 Ego
1569 995 1703 1038 enim
1728 991 1897 1038 Curio-

407 1085 525 1115 nem
548 1076 726 1115 nactus
751 1071 918 1115 omnia
940 1085 1022 1115 me
1046 1076 1373 1115 consecutum
1397 1071 1585 1132 putavi.
1658 1068 1706 1114 Is
1729 1067 1793 1115 de
1817 1084 1899 1115 me

405 1145 473 1193 ad
491 1145 821 1193 Hortensium
837 1147 1123 1209 scripserat.
1182 1145 1406 1209 Reginus
1423 1153 1533 1192 erat
1552 1152 1692 1192 totus
1712 1152 1896 1191 noster.

406 1222 539 1269 Huic
570 1221 689 1269 nihil
721 1223 1100 1286 suspicabamur
1128 1239 1244 1270 cum
1273 1222 1367 1269 hoc
1397 1225 1522 1268 mari
1552 1224 1743 1286 negotii
1775 1221 1897 1268 fore.

407 1299 520 1358 Quo
538 1316 619 1347 me
639 1316 771 1346 nunc
789 1300 1020 1346 vertam?
1073 1299 1311 1363 Undique
1330 1299 1598 1346 custodior.
1660 1297 1761 1345 Sed
1778 1302 1898 1345 satis

406 1376 635 1423 lacrimis.
705 1378 1070 1439 Παρακλεπτέον
1092 1379 1247 1441 igitur
1278 1383 1331 1423 et
1366 1376 1562 1423 occulte
1596 1379 1647 1422 in
1681 1375 1900 1439 aliquam

406 1457 688 1501 onerariam
702 1453 1087 1517 corrependum,
1102 1470 1202 1500 non
1217 1452 1658 1509 committendum,
1672 1460 1730 1499 ut
1746 1455 1900 1499 etiam

406 1538 673 1594 compacto
693 1530 931 1594 prohibiti
953 1530 1227 1577 videamur.
1269 1529 1436 1576 Sicilia
1455 1529 1693 1593 petenda.
1734 1528 1899 1588 Quam

407 1611 446 1655 si
477 1610 662 1654 erimus
693 1610 847 1664 nacti,
877 1610 1066 1654 maiora
1096 1607 1346 1671 quaedam
1376 1623 1756 1670 consequemur.
1825 1605 1900 1652 Sit

406 1684 556 1731 modo
580 1691 720 1731 recte
744 1687 794 1730 in
820 1684 1101 1747 Hispaniis!
1171 1683 1491 1747 Quamquam
1517 1683 1580 1730 de
1603 1686 1712 1746 ipsa
1735 1681 1901 1729 Sicilia

408 1764 603 1808 utinam
635 1764 700 1808 sit
731 1761 932 1808 verum!
1001 1760 1101 1807 Sed
1134 1760 1296 1807 adhuc
1328 1759 1449 1806 nihil
1481 1759 1702 1807 secundi.
1773 1758 1896 1806 Con·
1952 1804 1958 1807 „

406 1854 577 1885 cursus
608 1837 886 1885 Siculorum
918 1838 982 1884 ad
1014 1837 1261 1884 Catonem
1292 1837 1475 1884 dicitur
1505 1836 1686 1893 factus,
1718 1852 1900 1892 orasse,
1964 1871 1972 1882 .»

408 1922 466 1962 ut
489 1918 766 1970 resisteret,
791 1918 959 1962 omnia
983 1914 1259 1978 pollicitos3
1283 1920 1592 1960 commotum
1617 1913 1756 1960 illum
1780 1912 1900 1960 dile—

413 1999 554 2038 ctum
578 1991 766 2039 habere
791 1995 1035 2055 coepisse.
1106 1991 1220 2038 Non
1243 1991 1411 2046 credo,
1435 1998 1493 2037 ut
1518 1997 1595 2037 est
1620 1989 1901 2037 luculentus

411 2075 600 2115 auctor.
671 2066 900 2115 Potuisse
927 2076 1068 2115 certe
1096 2072 1259 2115 teneri
1288 2067 1424 2114 illam
1453 2069 1758 2130 provinciam
1784 2069 1900 2113 scio.

409 2147 491 2192 Ab
518 2145 771 2209 Hispaniis
797 2152 971 2192 autem
994 2148 1094 2192 iam
1119 2145 1367 2191 audietur.
1965 2189 1970 2199 Δ,

474 2222 570 2268 Ηίο
599 2239 687 2269 nos
715 2221 769 2269 G.
801 2221 1102 2269 Marcellum
1128 2220 1390 2276 habemus,
1418 2220 1598 2267 eadem
1627 2237 1742 2267 vere
1768 2223 1900 2284 cogi-
1963 2216 1977 2286 ᾖ

411 2306 611 2346 tantem
634 2305 723 2346 aut
742 2299 875 2346 bene
897 2298 1249 2352 simulantem;
1289 2314 1596 2361 quamquam
1617 2300 1780 2360 ipsum
1802 2313 1900 2342 non
1956 2289 1977 2342 12³

411 2376 652 2432 videram,
684 2375 773 2422 sed
805 2391 867 2422 ex
899 2375 1284 2422 familiarissimo
1316 2378 1421 2421 eius
1454 2373 1738 2420 audiebam.
1807 2372 1898 2428 Tu,
1967 2361 1970 2364 ⁴

411 2469 618 2517 quaeso,
644 2456 683 2499 si
710 2452 831 2516 quid
854 2450 1063 2499 habebis
1089 2454 1230 2506 novi3
1274 2468 1385 2514 ego,
1410 2454 1446 2497 si
1475 2449 1596 2513 quid
1619 2449 1778 2496 moliti
1805 2453 1897 2496 eri-

408 2547 536 2585 mus,
561 2529 625 2576 ad
649 2536 702 2576 te
727 2532 901 2576 statim
924 2529 1153 2576 scribam.
1224 2527 1471 2587 Quintum
1497 2526 1652 2573 filium
1675 2529 1897 2573 severius

408 2619 497 2678 328
