2014 3008
118 1909 216 1956 Scr.
241 1909 394 1957 Brun-

118 1976 209 2023 disi
223 1977 347 2040 prid.
372 1977 431 2024 Id

120 2050 199 2090 aut
221 2042 294 2090 Id.
322 2043 425 2091 Iun.

120 2128 163 2157 a.
188 2110 284 2161 707

752 228 1036 278 MARCUS
1081 229 1383 278 TULLIUS
1429 230 1680 278 CICERO

470 359 563 406 sibi
597 357 758 406 nullas
791 358 990 405 litteras
1025 361 1306 415 remittere,
1341 358 1497 406 semel
1532 360 1596 406 ab
1630 362 1738 423 ipso
1773 362 1960 423 accepi.

469 439 552 486 Ad
584 455 670 486 eas
702 438 998 502 Cephalioni
1033 438 1168 495 dedi,
1201 442 1286 502 qui
1318 439 1504 486 multos
1537 456 1736 486 menses
1768 446 1964 503 tempe-

470 520 688 566 statibus
721 526 952 566 retentus
985 526 1079 566 est.
1147 518 1396 577 Quintum
1429 519 1585 566 filium
1618 519 1683 567 ad
1713 535 1795 566 me
1829 535 1965 567 acer-

468 600 672 646 bissime
696 602 951 663 scripsisse
975 602 1076 645 iam
1100 606 1220 646 ante
1245 599 1310 646 ad
1333 606 1387 646 te
1411 602 1599 663 scripsi.

531 679 834 726 Extremum
858 686 953 736 est,
978 679 1114 743 quod
1134 686 1189 726 te
1213 695 1370 736 orem,
1393 682 1432 726 si
1458 686 1608 743 putas
1631 686 1828 726 rectum
1852 695 1962 727 esse

469 767 523 807 et
556 776 586 806 a
617 767 671 807 te
706 762 889 823 suscipi
922 776 1086 823 posse,
1119 776 1234 806 cum
1269 759 1479 806 Camillo
1512 762 1871 816 communices,
1904 766 1964 806 ut

466 840 759 887 Terentiam
792 843 1042 887 moneatis
1077 839 1140 887 de
1174 846 1502 886 testamento.
1572 839 1824 903 Tempora
1859 856 1963 893 mo-

469 927 610 977 nent,
632 927 691 967 ut
712 920 900 977 videat,
922 927 980 967 ut
1003 923 1125 967 satis
1147 919 1320 976 faciat,
1342 921 1523 983 quibus
1546 919 1749 967 debeat.
1807 919 1965 967 Audi-

468 1008 580 1047 tum
605 1017 668 1047 ex
693 999 963 1047 Philotimo
989 1007 1068 1047 est
1093 1016 1206 1047 eam
1230 999 1475 1047 scelerate
1501 1000 1753 1064 quaedam
1778 999 1963 1047 facere.

469 1081 721 1128 Credibile
755 1084 838 1127 vix
873 1087 968 1137 est,
1003 1080 1094 1127 sed
1126 1087 1284 1137 certe,
1319 1083 1360 1127 si
1395 1080 1519 1144 quid
1553 1087 1648 1136 est,
1686 1080 1822 1144 quod
1855 1079 1965 1126 fieri

468 1164 643 1226 possit,
663 1160 1029 1224 providendum
1051 1168 1143 1207 est.
1202 1161 1283 1207 De
1305 1161 1537 1207 omnibus
1557 1161 1708 1207 rebus
1731 1159 1880 1207 velim
1901 1160 1967 1207 ad

468 1257 551 1288 me
575 1242 778 1297 scribas,
804 1248 857 1288 et
879 1244 1100 1287 maxime
1125 1241 1246 1304 quid
1270 1243 1459 1287 sentias
1483 1240 1547 1287 de
1578 1256 1639 1287 ea
1666 1243 1719 1286 in
1749 1257 1848 1303 qua
1876 1247 1966 1287 tuo

473 1321 677 1368 consilio
725 1338 870 1386 egeo,
918 1324 1074 1368 etiam
1121 1324 1161 1368 si
1209 1320 1331 1367 nihil
1380 1323 1653 1385 excogitas.
1723 1320 1784 1367 Id
1830 1323 1964 1367 enim

469 1401 591 1448 mihi
614 1405 712 1448 erit
733 1418 823 1464 pro
847 1401 1131 1465 desperato.

535 1497 594 1528 111
620 1482 747 1528 Non.
776 1482 885 1528 Iun.

1141 1713 1288 1758 XVII

955 1825 1129 1855 menno
1164 1825 1337 1855 ATT1co
1372 1824 1469 1855 SAL.

537 1905 929 1970 Properantibus
977 1906 1252 1953 tabellariis
1300 1906 1473 1952 alienis
1520 1904 1649 1952 hanc
1698 1905 1964 1969 epistulam

473 1988 605 2034 dedi.
673 1987 748 2034 Eo
767 1988 964 2034 brevior
985 1993 1079 2043 est,
1100 1994 1153 2033 et
1174 1986 1309 2049 quod
1335 2003 1474 2032 eram
1493 1988 1731 2032 missurus
1750 1993 1958 2032 nostros.

472 2067 634 2114 Tullia
666 2083 782 2114 mea
814 2070 953 2114 venit
987 2067 1052 2113 ad
1083 2083 1166 2113 me
1199 2084 1272 2129 pr.
1312 2066 1431 2113 Idus
1469 2066 1640 2112 Iunias
1675 2066 1842 2129 deque
1876 2073 1967 2113 tua

475 2165 596 2211 erga
616 2164 668 2194 se
689 2149 1008 2194 observantia
1026 2146 1482 2209 benevolentiaque
1503 2145 1625 2193 mihi
1644 2145 1859 2210 plurima
1879 2162 1966 2192 ex-

475 2231 641 2291 posuit
680 2227 979 2290 litterasque
1020 2227 1242 2273 reddidit
1282 2229 1455 2273 trinas.
1531 2226 1642 2290 Ego
1684 2233 1861 2273 autem
1902 2242 1965 2272 ex

474 2311 626 2371 ipsius
667 2311 875 2364 virtute,
913 2306 1251 2363 humanitate,
1287 2309 1481 2370 pietate
1523 2323 1624 2352 non
1665 2306 1814 2353 modo
1854 2322 1964 2352 eam

474 2387 791 2451 voluptatem
817 2404 917 2434 non
942 2390 1070 2451 cepi,
1097 2403 1248 2450 quam
1282 2402 1463 2450 capere
1497 2403 1560 2433 ex
1594 2385 1832 2450 singulari
1867 2385 1964 2432 filia

475 2467 646 2523 debui,
673 2467 763 2514 sed
789 2470 944 2514 etiam
970 2466 1247 2514 incredibili
1275 2483 1383 2513 sum
1410 2466 1580 2513 dolore
1607 2465 1837 2513 adfectus
1862 2465 1965 2512 tale

477 2549 736 2611 ingenium
754 2550 805 2593 in
823 2554 930 2594 tam
949 2550 1131 2594 misera
1148 2546 1351 2594 fortuna
1368 2549 1552 2594 versari
1569 2546 1722 2610 idque
1740 2545 1966 2593 accidere

469 2650 560 2693 404
