2014 3008
739 218 1022 266 MARCUS
1065 219 1366 267 TULLIUS
1412 221 1662 269 CICERO

459 364 558 394 non
591 354 649 394 ut
683 346 872 410 aliquid
903 347 1148 411 proficias,
1181 347 1271 395 sed
1302 355 1360 395 ut
1391 349 1485 396 tibi
1516 366 1598 396 me
1629 366 1799 396 carum
1834 367 1943 398 esse

459 426 696 470 sentiant.
766 422 915 470 Plura
934 423 999 471 ad
1016 430 1070 471 te
1089 425 1321 480 scribam,
1341 427 1380 472 si
1400 424 1519 471 mihi
1541 425 1605 473 ad
1624 442 1708 473 eas
1727 426 1941 483 litteras,

459 516 582 562 quas
605 502 831 562 proxime
855 500 920 547 ad
941 507 995 547 te
1019 500 1154 558 dedi,
1176 504 1499 565 rescripseris.
1568 501 1707 549 Vale.

84 1025 86 1027 ·
107 997 204 1045 Scr.
228 997 382 1045 Brun-

106 1064 196 1111 disi
222 1065 349 1112 VIII
363 1064 434 1111 Id.

109 1131 256 1178 Mart.
278 1149 322 1178 a.
345 1133 438 1182 707

520 591 590 621 ΧΠ
620 576 680 622 Κ.
710 576 853 623 Febr.

915 913 1115 944 ·CICERO
1150 914 1323 944 ATTICO
1357 914 1454 946 SAL.

523 995 796 1043 Confectus
832 997 932 1041 iam
968 998 1193 1042 cruciatu
1229 998 1562 1042 maximorum
1599 995 1842 1053 dolorum,
1878 1013 1943 1044 ne

461 1075 499 1120 si
528 1076 593 1120 sit
621 1072 843 1136 quidem,
873 1072 1008 1135 quod
1036 1071 1100 1118 ad
1127 1079 1182 1118 te
1210 1071 1426 1119 debeam
1452 1073 1687 1129 scribere,
1717 1073 1862 1121 facile
1891 1073 1944 1121 id

461 1152 668 1213 exsequi
697 1151 899 1213 possim,
926 1148 1020 1196 hoc
1046 1151 1228 1205 minus,
1256 1148 1392 1212 quod
1418 1165 1496 1196 res
1524 1149 1661 1196 nulla
1688 1157 1783 1206 est,
1811 1167 1943 1214 quae

459 1226 722 1274 scribenda
757 1228 839 1282 sit,
872 1242 986 1272 cum
1021 1228 1319 1289 praesertim
1354 1242 1419 1273 ne
1454 1242 1568 1289 spes
1604 1226 1808 1290 quidem
1844 1226 1944 1274 ulla

460 1303 756 1351 ostendatur
797 1302 903 1349 fore
945 1302 1137 1349 melius.
1208 1302 1289 1349 Ita
1331 1306 1430 1349 iam
1473 1319 1537 1350 ne
1579 1309 1694 1350 tuas
1737 1303 1943 1367 quidem

458 1380 653 1428 litteras
670 1386 927 1443 exspecto,
945 1396 1252 1443 quamquam
1268 1395 1467 1443 semper
1482 1379 1672 1443 aliquid
1687 1379 1943 1437 adferunt,

460 1458 596 1521 quod
619 1457 781 1503 velim.
850 1456 1019 1515 Quare
1042 1463 1100 1503 tu
1124 1456 1329 1520 quidem
1351 1457 1571 1513 scribito,
1591 1473 1707 1504 cum
1730 1459 1843 1514 erit,
1863 1460 1940 1504 cui

459 1535 562 1582 des.
634 1534 742 1598 Ego
766 1536 865 1580 tuis
889 1536 1144 1597 proximis,
1170 1550 1293 1596 quas
1318 1540 1493 1580 tamen
1516 1536 1618 1580 iam
1642 1533 1838 1597 pridem
1863 1550 1941 1581 ac-

458 1614 587 1675 cepi,
616 1610 740 1657 nihil
767 1609 930 1657 habeo
960 1610 1095 1673 quod
1123 1611 1422 1664 rescribam3
1465 1609 1615 1673 longo
1645 1613 1779 1657 enim
1806 1613 1940 1658 inter

460 1688 586 1735 vallo
624 1687 769 1734 video
805 1689 1076 1733 immutata
1113 1702 1221 1733 esse
1260 1689 1455 1742 omnia3
1510 1685 1594 1733 illa
1631 1703 1740 1734 esse
1779 1686 1940 1744 firma,

460 1781 590 1828 quae
642 1763 881 1820 debeant,
934 1779 1021 1809 nos
1074 1762 1321 1809 stultitiae
1373 1770 1575 1810 nostrae
1626 1765 1942 1827 gravissimas

459 1857 646 1905 poenas
670 1839 906 1903 pendere.

524 1916 577 1963 P.
622 1916 856 1963 Sallustio
897 1915 1118 1963 curanda
1159 1923 1276 1963 sunt
1319 1915 1403 1963 HS
1447 1923 1559 1973 ffi,
1602 1932 1732 1980 quae
1774 1918 1942 1981 accepi

461 2012 489 2041 a
521 1994 609 2040 Cn.
643 1993 889 2040 Sallustio.
959 1992 1123 2039 Velim
1153 1992 1347 2049 videas,
1378 1999 1435 2039 ut
1465 1995 1571 2039 sine
1602 2010 1742 2040 mora
1770 1996 1942 2041 curenss

460 2079 557 2118 tur.
628 2070 707 2116 De
750 2086 810 2116 ea
849 2086 903 2116 re
944 2072 1115 2132 scripsi
1157 2069 1222 2116 ad
1261 2069 1567 2116 Terentiam.
1636 2070 1808 2133 Atque
1848 2069 1942 2117 hoc

462 2150 622 2210 ipsum
644 2150 745 2193 iam
764 2162 920 2210 prope
941 2153 1294 2209 consumptum
1316 2153 1409 2193 est.
1479 2145 1647 2204 Quare
1669 2137 1721 2193 id
1741 2163 1941 2210 quoque

462 2224 610 2270 velim
640 2240 755 2270 cum
784 2222 868 2269 illa
898 2222 1085 2279 videas,
1116 2229 1173 2269 ut
1205 2225 1287 2278 sit,
1318 2225 1403 2285 qui
1435 2229 1651 2269 utamur.
1720 2222 1817 2269 Hic
1848 2222 1942 2270 for-

461 2307 596 2347 tasse
618 2307 795 2363 potero
817 2315 1033 2355 sumere,
1055 2302 1094 2346 si
1117 2301 1271 2346 sciam
1292 2301 1404 2346 istic
1426 2306 1658 2362 paratum
1681 2298 1816 2354 fore3
1837 2300 1943 2356 sed,

461 2380 751 2440 priusquam
782 2375 834 2422 id
863 2379 1060 2432 scirem,
1091 2374 1212 2422 nihil
1243 2392 1354 2422 sum
1385 2392 1532 2422 ausus
1563 2392 1775 2422 sumere.
1843 2376 1940 2435 Qui

462 2456 527 2500 sit
567 2455 790 2499 omnium
829 2468 996 2500 rerum
1037 2459 1200 2499 status
1240 2458 1428 2508 noster,
1468 2452 1621 2499 vides.
1690 2451 1823 2498 Nihil
1865 2459 1943 2500 est

461 2528 596 2586 mali,
618 2529 753 2594 quod
773 2546 873 2576 non
894 2536 948 2576 et
969 2531 1245 2576 sustineam
1267 2535 1320 2576 et
1342 2535 1648 2593 exspectem.
1717 2527 1942 2588 Quarum

459 2619 549 2678 384
