1988 3008
90 1590 185 1637 Sor.
211 1590 256 1635 r'n

93 1657 297 1705 Cumano
313 1656 416 1703 circ.

91 1723 168 1770 IX
198 1722 259 1770 K.
295 1723 416 1769 Mai.

90 1808 133 1837 a.
159 1791 251 1840 705

715 207 997 255 MARCUS
1041 208 1343 256 TULLIUS
1390 209 1642 256 CICERO

429 336 637 400 reliqua.
706 336 855 395 Quod
885 336 1003 383 dein
1035 353 1116 383 me
1140 353 1332 393 mones,
1357 344 1411 384 et
1442 341 1602 385 amice
1628 345 1680 385 et
1705 338 1923 401 pruden-
1987 329 1988 334 ¹

431 424 515 463 ter
539 433 621 463 me
647 433 839 472 mones,
864 416 955 463 sed
981 423 1132 463 erunt
1158 420 1326 463 omnia
1351 416 1534 474 facilia,
1558 420 1599 464 si
1626 418 1691 464 ab
1715 435 1815 465 uno
1841 417 1924 465 illo

433 513 629 543 cavero.
700 496 948 560 Magnum
990 513 1113 559 opus
1158 503 1254 552 est,
1295 496 1544 544 mirabilia
1583 497 1762 553 multa,
1804 496 1925 544 nihil

434 576 665 639 simplex,
689 575 809 622 nihil
830 579 1096 623 sincerum.
1154 576 1348 623 Vellem
1369 581 1669 640 suscepisses
1691 581 1926 625 iuvenem

435 655 715 719 regendum
732 671 744 711 ;
783 663 931 719 pater
951 659 1086 702 enim
1106 659 1251 703 nimis
1271 656 1554 720 indulgens,
1573 657 1811 721 quicquid
1829 674 1924 721 ego

437 737 700 792 adstrinxi,
745 736 956 782 relaxat.
1025 735 1074 782 Si
1121 739 1229 783 sine
1276 736 1358 783 illo
1405 753 1620 799 possem,
1666 752 1925 801 regerem3

438 816 572 880 quod
618 823 677 862 tu
723 823 883 879 potes.
952 815 1051 863 Sed
1098 819 1329 880 ignosco;
1396 833 1655 880 magnum,
1702 820 1924 881 inquam,

437 913 561 959 opus
585 903 679 943 est.

502 975 797 1038 Pompeium
822 993 912 1039 pro
937 983 1079 1024 certo
1110 975 1353 1024 habemus
1380 993 1472 1040 per
1500 975 1754 1040 Illyricum
1778 977 1924 1040 profi-

436 1058 553 1104 cisci
572 1059 624 1102 in
646 1055 875 1103 Galliam.
943 1057 1053 1120 Ego
1075 1074 1223 1113 nune,
1245 1073 1344 1120 qua
1366 1065 1419 1104 et
1441 1074 1556 1120 quo,
1579 1056 1773 1104 videbo.

1127 1375 1226 1421 VII

921 1488 1094 1518 CICERO
1127 1488 1300 1518 ATTICO
1335 1487 1433 1519 SAL.

505 1568 615 1633 Ego
650 1586 768 1616 vero
804 1568 1040 1632 Apuliam
1076 1577 1130 1616 et
1168 1568 1433 1631 Sipontum
1459 1577 1510 1615 et
1550 1571 1926 1633 tergiversatio-

442 1666 559 1697 nem
587 1653 737 1696 istam
774 1649 948 1712 probo,
979 1665 1071 1695 nec
1106 1656 1247 1695 tuam
1283 1652 1532 1695 rationem
1569 1649 1783 1696 eandem
1813 1665 1924 1696 esse

442 1730 570 1777 duco
608 1746 759 1792 quam
797 1745 981 1784 meam,
1020 1745 1117 1775 non
1156 1732 1275 1791 quin
1314 1731 1363 1774 in
1401 1745 1454 1775 re
1492 1728 1693 1791 publica
1728 1736 1926 1775 rectum

445 1810 578 1856 idem
614 1812 678 1855 sit
715 1812 916 1872 utrique
952 1816 1197 1864 nostrum,
1225 1808 1315 1855 sed
1351 1825 1411 1855 ea
1446 1825 1547 1854 non
1581 1811 1764 1871 agitur.
1832 1808 1927 1855 Re-

442 1889 629 1954 gnandi
652 1892 910 1936 contentio
934 1896 1030 1945 est,
1052 1892 1103 1934 in
1126 1905 1225 1952 qua
1248 1888 1416 1951 pulsus
1442 1895 1519 1935 est
1542 1888 1817 1935 modestior
1837 1905 1927 1934 rex

443 1977 496 2017 et
529 1970 729 2032 probior
762 1976 814 2015 et
846 1972 1091 2032 integrior
1124 1976 1177 2015 et
1210 1972 1267 2025 is,
1301 1972 1385 2032 qui
1417 1971 1510 2014 nisi
1544 1971 1713 2024 vincit,
1745 1985 1927 2015 nomen

441 2049 611 2114 populi
641 2049 848 2096 Romani
870 2048 1101 2095 deleatur
1120 2065 1327 2095 necesse
1347 2055 1444 2104 est,
1461 2051 1539 2094 sin
1558 2055 1731 2094 autem
1758 2051 1926 2103 vineit,

441 2129 643 2176 Sullano
671 2146 810 2176 more
839 2128 1172 2192 exemploque
1201 2132 1382 2175 vincet.
1452 2127 1588 2192 Ergo
1615 2126 1708 2174 hae
1736 2131 1786 2173 in
1814 2144 1928 2174 con·

441 2213 670 2256 tentione
699 2217 937 2256 neutrum
964 2209 1055 2255 ’cibi
1085 2208 1252 2271 palam
1279 2207 1601 2255 sentiendum
1630 2214 1683 2254 et
1710 2211 1927 2270 tempori
1954 2206 1976 2261 ,ξζς

440 2289 760 2336 serviendum
800 2296 893 2335 est.
965 2288 1087 2335 Mea
1124 2305 1274 2334 causa
1313 2295 1485 2334 autem
1524 2287 1620 2333 alia
1659 2294 1755 2343 est,
1794 2286 1928 2350 quod

442 2368 686 2415 beneficio
704 2372 897 2415 vinetus
917 2372 1143 2432 ingratus
1164 2384 1272 2414 esse
1291 2384 1390 2415 non
1407 2383 1626 2430 possum,
1644 2383 1737 2414 nec
1754 2374 1928 2414 tamen
1963 2364 1965 2366 ’

442 2452 492 2494 in
528 2452 634 2495 acie
670 2465 769 2502 me,
804 2448 894 2494 sed
933 2447 1146 2494 Melitae
1183 2455 1271 2494 aut
1308 2447 1404 2493 alio
1441 2451 1491 2492 in
1527 2446 1632 2493 loco
1668 2446 1814 2493 simili
1852 2446 1926 2492 fu-

440 2536 612 2575 turum
631 2534 770 2592 puto.
841 2527 873 2565 “-
893 2527 1081 2585 Nihil,'’
1103 2531 1315 2592 inquies,
1339 2527 1364 2542 “
1390 2531 1525 2574 iuvas
1550 2543 1683 2584 eum,
1704 2529 1754 2572 in
1776 2543 1926 2590 quem

442 2620 545 2675 296*

1950 2690 1988 2799 QQ
1956 2627 1988 2649 ;

1964 2994 1967 3004 -
1945 2901 1973 2979 ’ῆι-43*-
1966 2857 1972 2874 Α.
