1988 3042
715 211 997 258 MARCUS
1041 211 1342 259 TULLIUS
1388 211 1639 259 CICERO

436 337 621 386 Omnia
647 338 731 384 illa
758 342 938 401 prima,
967 354 1097 401 quae
1126 341 1282 385 etiam
1309 346 1368 386 tu
1394 342 1494 385 tuis
1523 339 1707 386 litteris
1735 342 1787 385 in
1813 355 1925 386 cae-

436 425 539 471 lum
564 424 782 480 ferebaS,
807 425 1025 486 ἐπίτηκτα
1056 424 1279 471 fuerunt.
1349 424 1515 483 Quam
1539 441 1640 472 non
1665 432 1743 472 est
1767 424 1923 472 facilis

436 511 619 559 virtus!
688 511 854 569 Quam
877 526 996 558 vero
1021 510 1229 557 difficilis
1255 514 1360 557 eius
1385 511 1624 557 diuturna
1645 511 1923 558 simulatio!

438 597 565 644 Cum
592 600 727 644 enim
751 596 846 644 hoc
869 604 1067 644 rectum
1094 604 1147 643 et
1172 597 1447 660 gloriosum
1471 604 1724 659 putarem,
1751 613 1814 644 ex
1841 614 1926 644 an-

437 701 537 731 nuo
569 690 792 746 sumptu,
825 686 909 746 qui
942 682 1064 730 mihi
1096 683 1331 730 decretus
1366 690 1518 740 esset,
1549 699 1632 730 me
1665 683 1720 730 C.
1755 683 1925 730 Caelio

437 773 692 833 quaestori
716 769 1001 832 relinquere
1027 786 1267 825 annuum,
1291 768 1485 816 referre
1510 772 1562 815 in
1587 773 1835 816 aerarium
1862 769 1927 816 ad

440 856 524 903 HS
562 872 656 913 cm,
693 859 941 919 ingemuit
977 863 1150 903 nostra
1186 854 1361 902 cohors
1398 871 1547 902 omne
1584 855 1706 902 illud
1742 863 1925 918 putans

434 943 667 990 distribui
687 943 781 989 sibi
802 949 1056 1004 oportere,
1078 949 1135 989 ut
1158 957 1252 1005 ego
1275 945 1478 988 amicior
1498 945 1750 988 invenirer
1772 941 1926 1005 Phry-

435 1046 558 1093 gum
588 1036 641 1076 et
671 1028 881 1075 Cilicum
911 1031 1117 1074 aerariis
1149 1044 1300 1091 quam
1330 1035 1517 1075 nostro.
1586 1027 1686 1074 Sed
1714 1044 1796 1075 me
1826 1044 1927 1075 non

436 1122 730 1170 moverunt;
790 1131 908 1161 nam
951 1122 1004 1161 et
1046 1130 1161 1160 mea
1201 1115 1308 1161 laus
1352 1113 1487 1177 apud
1529 1130 1611 1160 me
1652 1114 1926 1177 plurimum

437 1202 610 1258 valuit,
635 1218 728 1248 nec
751 1209 926 1248 tamen
951 1204 1220 1264 quicquam
1243 1200 1516 1248 honorifice
1541 1204 1593 1246 in
1618 1216 1926 1264 quemquam

438 1289 545 1334 fieri
560 1293 744 1351 potuit,
762 1288 896 1351 quod
911 1291 1358 1350 praetermiserim.
1427 1286 1527 1334 Sed
1541 1286 1666 1334 haec
1682 1286 1854 1344 fuerit,
1871 1294 1927 1334 ut

437 1379 509 1422 ait
529 1374 864 1438 ThucydideS,
886 1375 1063 1437 ἐκβολὴ
1087 1376 1233 1438 λόγου
1252 1390 1353 1420 non
1372 1373 1576 1420 inutilis.

501 1462 577 1508 Tu
608 1469 782 1508 autem
813 1460 877 1507 de
909 1468 1080 1508 nostro
1111 1467 1252 1507 statu
1282 1460 1546 1523 cogitabis,
1576 1463 1797 1522 primum
1829 1476 1928 1523 quo

438 1548 650 1595 artificio
677 1555 914 1594 tueamur
941 1547 1350 1593 benevolentiam
1379 1545 1624 1602 Caesaris,
1651 1546 1835 1593 deinde
1863 1546 1927 1593 de

439 1638 546 1697 ipso
564 1633 822 1697 triumpho
838 1649 850 1689 3
888 1649 1040 1696 quem
1059 1633 1222 1689 video,
1241 1636 1335 1679 nisi
1353 1636 1426 1678 rei
1445 1632 1676 1695 publicae
1695 1639 1929 1695 tempora

437 1720 735 1782 impedient,
763 1720 1048 1783 εὐπόριστον.
1118 1719 1290 1765 Iudico
1318 1726 1491 1765 autem
1515 1735 1630 1765 cum
1655 1734 1719 1765 ex
1744 1718 1927 1765 litteris

438 1811 713 1853 amicorum
736 1814 848 1853 tum
874 1822 937 1852 ex
962 1805 1343 1869 supplicatione.
1414 1805 1580 1863 Quam
1605 1808 1691 1868 qui
1715 1821 1815 1852 non
1841 1805 1926 1852 de·

437 1896 613 1949 crevit,
636 1893 745 1955 plus
770 1893 1014 1948 decrevit,
1037 1909 1188 1955 quam
1212 1895 1253 1938 si
1275 1907 1448 1938 omnes
1473 1891 1731 1938 decresset
1751 1894 1930 1937 trium-

439 1978 578 2041 phos.
647 1979 708 2025 Ei
741 1996 892 2041 porro
928 1979 1166 2026 adsensus
1203 1985 1281 2024 est
1315 1993 1442 2024 unus
1477 1976 1735 2023 familiaris
1769 1993 1929 2033 meus,

441 2066 704 2121 Favonius,
736 2065 865 2112 alter
894 2068 1071 2120 iratus,
1103 2064 1297 2110 Hirrus.
1367 2063 1494 2110 Cato
1525 2070 1697 2110 autem
1730 2069 1783 2110 et
1813 2066 1931 2110 scri-

440 2151 607 2198 bendo
640 2151 803 2198 adfuit
836 2158 889 2198 et
921 2151 986 2198 ad
1017 2167 1099 2197 me
1131 2150 1194 2197 de
1227 2153 1483 2197 sententia
1513 2166 1604 2196 sua
1634 2149 1928 2196 iucundissi-

441 2254 547 2283 mas
570 2237 764 2284 litteras
784 2240 937 2284 misit.
1006 2236 1106 2284 Sed
1125 2244 1300 2283 tamen
1319 2235 1580 2300 gratulans
1601 2234 1723 2281 mihi
1744 2234 1929 2282 Caesar

443 2324 507 2370 de
532 2324 896 2386 supplicatione
922 2322 1205 2386 triumphat
1233 2322 1296 2369 de
1323 2325 1579 2368 sententia
1605 2320 1808 2368 Catonis
1836 2337 1929 2368 nec

441 2410 632 2464 scribit,
660 2409 779 2471 quid
805 2410 886 2455 ille
912 2412 1197 2456 sententiae
1224 2409 1429 2463 dixerit,
1454 2408 1544 2454 sed
1570 2414 1789 2464 tantum,
1815 2424 1929 2470 sup-

441 2495 764 2556 plicationem
787 2511 903 2541 eum
926 2495 1046 2540 mihi
1069 2511 1169 2542 non
1191 2495 1488 2541 decrevisse.

440 2595 468 2638 8
