1988 3008
701 274 985 322 MARCUS
1028 273 1330 322 TULLIUS
1375 272 1625 321 CICERO

419 405 634 451 tenebat
662 404 853 459 Asiam,
880 402 1115 458 Siciliam,
1144 402 1386 458 Africam,
1414 401 1711 458 Sardiniam,
1738 401 1906 449 confe-

421 487 540 531 stim
557 486 609 530 in
629 483 895 530 Graeciam
912 483 1328 546 persequebatur.
1381 481 1620 529 Eundum
1636 482 1792 545 igitur
1811 489 1906 539 est,

421 580 515 610 nec
549 570 658 610 tam
692 570 751 610 ut
785 562 904 609 belli
939 579 1092 626 quam
1128 569 1186 609 ut
1221 561 1373 626 fugae
1409 564 1529 609 socii
1563 564 1730 609 simus.
1800 561 1907 609 Nec

421 646 557 690 enim
574 643 706 690 ferre
724 650 903 706 potero
921 659 1176 690 sermones
1193 645 1421 699 istorum,
1439 645 1743 706 quicumque
1762 649 1880 690 sunt
1895 650 1927 697 ;'

421 740 522 770 non
566 730 685 770 sunt
730 726 865 770 enim
909 730 1067 779 certe,
1111 730 1170 770 ut
1215 722 1552 786 appellantur,
1594 723 1729 770 boni.
1808 721 1909 769 Sed

419 810 595 851 tamen
618 803 671 850 id
693 806 858 867 ipsum
881 806 1006 850 scire
1030 806 1194 867 cupio,
1218 803 1341 867 quid
1362 802 1650 867 loquantur,
1673 803 1826 866 idque
1851 809 1909 850 ut

422 886 656 947 exquiras
674 900 858 947 meque
876 887 1144 930 certiorem
1161 883 1333 940 facias,
1350 890 1404 930 te
1422 882 1753 931 vehementer
1769 899 1906 947 rogo.

422 963 526 1010 Nos
554 962 734 1020 adhuc,
761 963 884 1027 quid
909 963 1140 1011 Brundisi
1167 971 1339 1011 actum
1365 971 1518 1021 esset,
1543 963 1694 1027 plane
1721 966 1909 1010 nescie-

421 1044 615 1090 bamus.
691 1043 819 1090 Cum
859 1047 1089 1100 sciemus,
1129 1051 1240 1090 tum
1281 1060 1346 1090 ex
1385 1059 1439 1091 re
1481 1050 1535 1091 et
1575 1060 1639 1091 ex
1679 1050 1909 1107 tempore

421 1123 682 1170 consilium
703 1126 977 1187 capiemus,
1000 1123 1091 1171 sed
1113 1131 1315 1171 utemur
1337 1130 1442 1171 tuo.

1128 1416 1207 1463 III

909 1529 1083 1560 CICERO
1118 1529 1291 1559 ATTICO
1326 1528 1422 1560 SAL.

76 1617 173 1664 Ser
208 1615 405 1663 Formiis
492 1610 685 1657 Domiti
719 1609 845 1657 filius
876 1613 1077 1656 transiit
1110 1610 1331 1656 Formias
1356 1625 1448 1656 vm
1477 1609 1595 1656 Idus
1619 1626 1822 1656 currens
1848 1607 1911 1665 ad

84 1684 128 1731 V
125 1683 184 1730 ῙῙ
202 1683 273 1729 Id·
430 1698 645 1737 matrem
679 1690 943 1753 Neapolim
971 1690 1194 1753 mihique
1218 1693 1439 1736 nuntiari
1460 1693 1603 1736 iussit
1625 1697 1825 1766 patrem
1848 1689 1913 1736 ad

78 1749 226 1797 Mart·
247 1767 290 1796 α·
313 1750 407 1799 705
431 1772 608 1818 urbem
623 1787 750 1827 esse,
763 1788 878 1817 cum
892 1771 955 1817 de
971 1787 1031 1817 eo
1045 1773 1237 1818 curiose
1253 1772 1532 1833 quaesisset
1551 1786 1722 1817 servus
1741 1776 1912 1816 noster

428 1851 716 1915 Dionysius.
784 1850 886 1898 Nos
920 1858 1094 1897 autem
1128 1850 1445 1897 audieramus
1480 1866 1597 1897 eum
1629 1849 1912 1913 profectum

428 1935 530 1979 sive
555 1931 620 1979 ad
643 1929 939 1995 Pompeium
962 1934 1064 1978 sive
1087 1933 1139 1977 in
1163 1930 1473 1994 Hispaniam.
1534 1930 1594 1977 Id
1615 1931 1754 1977 cuius
1776 1929 1911 1978 modi

428 2016 510 2068 sit,
550 2015 674 2059 scire
715 2028 835 2058 sane
875 2011 1039 2059 velim.
1114 2011 1245 2058 Nam
1286 2011 1350 2057 ad
1388 2010 1457 2066 id,
1498 2010 1632 2074 quod
1671 2009 1911 2067 delibero,

428 2096 670 2156 pertinet,
694 2095 733 2139 si
767 2092 850 2138 ille
884 2099 1023 2139 certe
1058 2108 1307 2155 nusquam
1341 2091 1587 2147 discessit,
1613 2090 1911 2155 intellegere

429 2173 663 2219 Gnaeum
689 2190 789 2219 non
817 2189 925 2219 esse
952 2172 1123 2219 faciles
1149 2173 1292 2218 nobis
1320 2188 1383 2218 ex
1412 2171 1560 2218 Italia
1587 2173 1771 2227 exitus,
1796 2187 1911 2218 cum

430 2270 491 2299 ea
516 2260 627 2299 tota
653 2256 801 2299 armis
827 2252 1188 2315 praesidiisque
1214 2258 1469 2307 teneatur,
1495 2250 1661 2298 hieme
1686 2267 1912 2315 praeser-

428 2336 536 2380 tim.
614 2332 761 2389 Nam,
803 2335 843 2379 si
885 2331 1193 2378 commodius
1236 2334 1352 2378 anni
1394 2338 1596 2394 tempus
1639 2337 1791 2388 esset,
1833 2330 1911 2378 vel

429 2412 589 2459 infero
626 2415 750 2458 mari
785 2412 961 2472 liceret
999 2414 1088 2459 uti.
1158 2411 1302 2458 Nunc
1339 2409 1459 2457 nihil
1496 2417 1674 2474 potest⁴
1703 2413 1796 2457 nisi
1833 2427 1911 2457 su-

429 2509 550 2555 pero
591 2494 825 2547 tramitti,
868 2508 967 2554 quo
1007 2494 1106 2538 iter
1147 2490 1473 2537 interclusum
1516 2497 1608 2538 est.
1685 2489 1911 2550 Quaeres

429 2575 583 2635 igitur
607 2578 660 2619 et
684 2571 747 2618 de
773 2571 998 2618 Domitio
1023 2578 1076 2618 et
1099 2570 1163 2618 de
1188 2570 1420 2618 Lentulo.

351 2675 353 2678 ⁴
434 2663 520 2718 184
