1988 3042
94 675 190 724 Scr.
219 676 370 724 Brun-

93 742 183 790 disi
213 743 257 790 V
275 743 335 791 K.

93 809 227 865 Dec„
250 817 297 856 ut

93 875 284 931 videtur,
308 893 350 922 a.

95 943 187 992 704

731 224 1012 273 MARCUS
1056 225 1356 274 TULLIUS
1401 226 1651 274 CICERO

1162 476 1212 524 II

922 597 1094 629 CICERO
1129 598 1301 630 ATTICO
1335 599 1431 630 SAL.

508 687 826 735 Brundisium
853 693 1078 735 venimus
1105 704 1174 734 vn
1205 689 1416 736 Kalend.
1448 690 1715 736 Decembr.
1744 693 1816 737 usi
1842 697 1932 738 tua

447 767 688 814 felicitate
714 767 1011 831 navigandi;
1053 771 1124 815 ita
1147 767 1278 814 belle
1303 769 1442 815 nobis

584 890 611 906 “
637 891 797 938 Flavit
821 891 885 937 ab
909 891 1064 954 Epiro
1087 891 1366 938 lenissimus
1393 891 1797 941 Onchesmites.”
1828 902 1831 903 ’

447 1018 594 1064 Hunc
635 1019 1009 1079 σπονδειάζοντα,
1046 1022 1085 1064 si
1133 1022 1211 1066 eui
1253 1018 1384 1065 voles
1434 1024 1524 1068 τῶν
1562 1021 1805 1082 νεωτέρων,
1844 1037 1934 1083 pro

447 1106 534 1143 tuo
554 1097 771 1144 vendito.
823 1097 1073 1145 Valetudo
1091 1105 1181 1145 tua
1199 1114 1280 1144 me
1300 1098 1444 1145 valde
1462 1099 1760 1155 conturbat;
1783 1103 1933 1163 signi-

447 1176 596 1222 ficant
631 1180 763 1222 enim
797 1184 917 1224 tuae
953 1177 1156 1224 litterae
1189 1185 1242 1224 te
1276 1194 1478 1241 prorsus
1514 1178 1755 1226 laborare.
1825 1179 1934 1244 Ego

447 1241 636 1311 autem,
660 1274 774 1303 cum
797 1260 970 1313 sciam,
996 1274 1147 1320 quam
1171 1261 1235 1303 sis
1261 1256 1423 1314 fortis,
1451 1257 1798 1306 vehementius
1824 1275 1932 1306 esse

447 1335 685 1398 quiddam
709 1340 946 1399 suspicor,
963 1337 1098 1400 quod
1120 1344 1174 1383 te
1192 1345 1342 1400 cogat
1366 1337 1547 1384 cedere
1573 1346 1625 1385 et
1650 1355 1806 1402 prope
1831 1356 1933 1386 mo-

446 1415 564 1461 dum
598 1415 854 1479 infringat.
925 1415 1033 1462 Etsi
1067 1416 1279 1463 alteram
1313 1425 1613 1480 quartanam
1646 1417 1932 1481 Pamphilus

446 1501 561 1540 tuus
593 1493 710 1540 mihi
741 1495 869 1542 dixit
899 1495 1173 1542 decessisse
1203 1504 1255 1543 et
1286 1496 1500 1543 alteram
1530 1497 1767 1544 leviorem
1796 1514 1933 1545 acce-

447 1559 581 1621 dere.
650 1574 889 1621 Terentia
905 1590 1040 1631 vero,
1057 1591 1185 1638 quae
1203 1576 1406 1639 quidem
1428 1576 1605 1623 eodem
1622 1583 1854 1642 tempore
1870 1578 1932 1625 ad

448 1639 645 1715 portam
669 1654 1021 1702 Brundisinam
1046 1659 1184 1702 venit
1210 1673 1309 1719 quo
1343 1672 1438 1719 ego
1472 1660 1522 1702 in
1554 1664 1759 1720 portum
1790 1657 1932 1705 mihi-

447 1750 544 1795 que
572 1734 717 1780 obvia
745 1738 793 1779 in
822 1734 930 1781 foro
958 1733 1071 1790 fuit,
1100 1734 1157 1782 L.
1187 1735 1424 1782 Pontium
1450 1736 1544 1782 sibi
1571 1739 1622 1783 in
1649 1737 1933 1784 Trebulano

447 1813 629 1859 dixisse
661 1815 898 1861 narrabat
928 1818 1084 1861 etiam
1114 1830 1225 1861 eam
1257 1815 1544 1864 decessisse.
1615 1815 1763 1876 Quod
1791 1821 1830 1864 si
1862 1821 1932 1864 ita

449 1901 542 1946 est,
571 1901 665 1948 est,
694 1893 828 1956 quod
856 1910 1091 1941 maxume
1121 1893 1408 1942 mehercule
1437 1902 1577 1959 opto,
1604 1896 1756 1960 idque
1785 1913 1932 1961 spero

448 1980 536 2019 tua
561 1973 828 2034 prudentia
853 1981 905 2020 et
930 1978 1273 2037 temperantia
1294 1982 1349 2022 te
1373 1982 1714 2023 consecutum.

514 2052 669 2098 Venio
701 2053 765 2098 ad
798 2053 1036 2115 epistulas
1068 2060 1212 2110 tuas3
1261 2071 1383 2118 quas
1417 2070 1512 2118 ego
1542 2063 1798 2103 sescentas
1832 2074 1931 2104 uno

447 2139 677 2194 tempore
698 2136 885 2195 accepi,
907 2133 1055 2179 aliam
1076 2133 1173 2179 alia
1193 2134 1555 2190 iucundiorem,
1577 2151 1706 2198 quae
1728 2137 1931 2199 quidem

449 2219 592 2257 erant
611 2219 700 2257 tua
715 2228 883 2259 manu.
918 2212 1046 2259 Nam
1064 2213 1291 2260 Alexidis
1309 2230 1513 2261 manum
1531 2215 1781 2271 amabam,
1799 2217 1932 2279 quod

449 2298 554 2337 tam
580 2307 735 2354 prope
761 2292 1036 2340 accedebat
1062 2293 1126 2339 ad
1150 2293 1531 2341 similitudinem
1555 2301 1676 2342 tuae
1702 2294 1932 2352 litterae;

450 2387 546 2416 non
580 2370 828 2427 amabam,
860 2371 994 2434 quod
1025 2372 1278 2420 indicabat
1310 2381 1364 2420 te
1398 2390 1496 2420 non
1529 2374 1710 2422 valere.
1778 2374 1930 2423 Cuius

450 2454 682 2512 quoniam
704 2454 894 2498 mentio
914 2450 1049 2498 facta
1069 2459 1165 2504 est,
1185 2452 1419 2499 Tironem
1444 2452 1605 2500 Patris
1626 2469 1837 2517 aegrum
1856 2472 1929 2502 re-

451 2529 585 2591 liqui,
624 2530 1014 2587 adulescentem,
1053 2539 1108 2579 ut
1147 2536 1294 2589 nosti,
1331 2540 1381 2580 et
1422 2533 1571 2589 adde,
1606 2537 1645 2580 si
1685 2534 1806 2599 quid
1843 2539 1929 2592 vis,

458 2633 504 2661 12
