<?xml version="1.0" encoding="UTF-8"?>
<!DOCTYPE html PUBLIC "-//W3C//DTD XHTML 1.0 Transitional//EN"
    "http://www.w3.org/TR/xhtml1/DTD/xhtml1-transitional.dtd">
<html xmlns="http://www.w3.org/1999/xhtml" xml:lang="en" lang="en">
 <head>
  <title>
</title>
<meta http-equiv="Content-Type" content="text/html;charset=utf-8" />
  <meta name='ocr-system' content='tesseract 3.04.00' />
  <meta name='ocr-capabilities' content='ocr_page ocr_carea ocr_par ocr_line ocrx_word'/>
</head>
<body>
  <div class='ocr_page' id='page_1' title='image "./letterstoatticu02ciceuoft/letterstoatticu02ciceuoft_0110.png"; bbox 0 0 1988 3008; ppageno 0'>
   <div class='ocr_carea' id='block_1_1' title="bbox 84 1048 410 1096">
    <p class='ocr_par' dir='ltr' id='par_1_1' title="bbox 84 1048 410 1096">
     <span class='ocr_line' id='line_1_1' title="bbox 84 1048 410 1096; baseline -0.006 0"><span class='ocrx_word' id='word_1_1' title='bbox 84 1049 180 1096; x_wconf 79' lang='lat' dir='ltr'><strong>Ser.</strong></span> <span class='ocrx_word' id='word_1_2' title='bbox 217 1048 263 1095; x_wconf 81' lang='lat' dir='ltr'><strong>in</strong></span> <span class='ocrx_word' id='word_1_3' title='bbox 298 1048 342 1094; x_wconf 90' lang='lat' dir='ltr'><em>F</em></span> <span class='ocrx_word' id='word_1_4' title='bbox 340 1065 410 1095; x_wconf 87' lang='lat' dir='ltr'><strong>or-</strong></span> 
     </span>
    </p>
   </div>
   <div class='ocr_carea' id='block_1_2' title="bbox 84 1115 409 1246">
    <p class='ocr_par' dir='ltr' id='par_1_2' title="bbox 84 1115 409 1246">
     <span class='ocr_line' id='line_1_2' title="bbox 84 1115 361 1163; baseline -0.007 0"><span class='ocrx_word' id='word_1_5' title='bbox 84 1116 235 1163; x_wconf 82' lang='lat' dir='ltr'><strong>miano</strong></span> <span class='ocrx_word' id='word_1_6' title='bbox 259 1115 361 1162; x_wconf 91' lang='lat' dir='ltr'><strong>XV</strong></span> 
     </span>
     <span class='ocr_line' id='line_1_3' title="bbox 85 1181 409 1246; baseline 0 -18"><span class='ocrx_word' id='word_1_7' title='bbox 85 1182 146 1230; x_wconf 86' lang='lat' dir='ltr'><strong>K.</strong></span> <span class='ocrx_word' id='word_1_8' title='bbox 184 1181 330 1246; x_wconf 77' lang='lat' dir='ltr'><strong>Mart.</strong></span> <span class='ocrx_word' id='word_1_9' title='bbox 367 1198 409 1228; x_wconf 88' lang='lat' dir='ltr'><strong>a.</strong></span> 
     </span>
    </p>
   </div>
   <div class='ocr_carea' id='block_1_3' title="bbox 85 1250 264 1300">
    <p class='ocr_par' dir='ltr' id='par_1_3' title="bbox 85 1250 264 1300">
     <span class='ocr_line' id='line_1_4' title="bbox 85 1250 264 1300; baseline -0.006 0"><span class='ocrx_word' id='word_1_10' title='bbox 85 1250 178 1300; x_wconf 85' lang='lat'><strong>705</strong></span> <span class='ocrx_word' id='word_1_11' title='bbox 261 1283 264 1285; x_wconf 80' lang='lat'><strong><em>—</em></strong></span> 
     </span>
    </p>
   </div>
   <div class='ocr_carea' id='block_1_4' title="bbox 705 227 1627 276">
    <p class='ocr_par' dir='ltr' id='par_1_4' title="bbox 705 227 1627 276">
     <span class='ocr_line' id='line_1_5' title="bbox 705 227 1627 276; baseline -0.001 0"><span class='ocrx_word' id='word_1_12' title='bbox 705 229 987 276; x_wconf 86' lang='lat' dir='ltr'>MARCUS</span> <span class='ocrx_word' id='word_1_13' title='bbox 1030 227 1331 276; x_wconf 91' lang='lat' dir='ltr'>TULLIUS</span> <span class='ocrx_word' id='word_1_14' title='bbox 1376 227 1627 276; x_wconf 88' lang='lat' dir='ltr'><strong>CICERO</strong></span> 
     </span>
    </p>
   </div>
   <div class='ocr_carea' id='block_1_5' title="bbox 425 357 1908 728">
    <p class='ocr_par' dir='ltr' id='par_1_5' title="bbox 425 357 1908 728">
     <span class='ocr_line' id='line_1_6' title="bbox 425 357 1905 421; baseline -0.001 -16"><span class='ocrx_word' id='word_1_15' title='bbox 425 358 593 405; x_wconf 91' lang='lat' dir='ltr'><strong>nolim.</strong></span> <span class='ocrx_word' id='word_1_16' title='bbox 630 358 675 405; x_wconf 89' lang='lat' dir='ltr'>O</span> <span class='ocrx_word' id='word_1_17' title='bbox 691 374 799 404; x_wconf 91' lang='lat' dir='ltr'><strong>rem</strong></span> <span class='ocrx_word' id='word_1_18' title='bbox 814 361 1048 404; x_wconf 83' lang='lat' dir='ltr'><strong>miseram</strong></span> <span class='ocrx_word' id='word_1_19' title='bbox 1065 357 1074 404; x_wconf 69' lang='grc' dir='ltr'>ἓ</span> <span class='ocrx_word' id='word_1_20' title='bbox 1091 357 1248 404; x_wconf 90' lang='lat' dir='ltr'><strong>malas</strong></span> <span class='ocrx_word' id='word_1_21' title='bbox 1263 374 1438 405; x_wconf 86' lang='lat' dir='ltr'><strong>causas</strong></span> <span class='ocrx_word' id='word_1_22' title='bbox 1454 373 1653 421; x_wconf 82' lang='lat' dir='ltr'><strong>semper</strong></span> <span class='ocrx_word' id='word_1_23' title='bbox 1668 357 1905 414; x_wconf 78' lang='lat' dir='ltr'><strong>obtinuit,</strong></span> 
     </span>
     <span class='ocr_line' id='line_1_7' title="bbox 426 433 1906 497; baseline -0.001 -16"><span class='ocrx_word' id='word_1_24' title='bbox 426 437 478 480; x_wconf 89' lang='lat' dir='ltr'><strong>in</strong></span> <span class='ocrx_word' id='word_1_25' title='bbox 501 437 692 497; x_wconf 84' lang='lat' dir='ltr'><strong>optima</strong></span> <span class='ocrx_word' id='word_1_26' title='bbox 714 434 946 481; x_wconf 78' lang='lat' dir='ltr'><strong>concidit.</strong></span> <span class='ocrx_word' id='word_1_27' title='bbox 1013 434 1148 492; x_wconf 83' lang='lat' dir='ltr'>Quid</span> <span class='ocrx_word' id='word_1_28' title='bbox 1170 434 1334 481; x_wconf 87' lang='lat' dir='ltr'><strong>dicam</strong></span> <span class='ocrx_word' id='word_1_29' title='bbox 1356 436 1450 481; x_wconf 89' lang='lat' dir='ltr'><strong>nisi</strong></span> <span class='ocrx_word' id='word_1_30' title='bbox 1471 433 1594 481; x_wconf 90' lang='lat' dir='ltr'><strong>illud</strong></span> <span class='ocrx_word' id='word_1_31' title='bbox 1618 450 1735 480; x_wconf 89' lang='lat' dir='ltr'><strong>eum</strong></span> <span class='ocrx_word' id='word_1_32' title='bbox 1757 437 1906 480; x_wconf 85' lang='lat' dir='ltr'><strong>scisse</strong></span> 
     </span>
     <span class='ocr_line' id='line_1_8' title="bbox 430 510 1908 574; baseline -0.001 -16"><span class='ocrx_word' id='word_1_33' title='bbox 430 512 615 574; x_wconf 89' lang='lat' dir='ltr'><strong>(neque</strong></span> <span class='ocrx_word' id='word_1_34' title='bbox 641 514 775 558; x_wconf 90' lang='lat' dir='ltr'><strong>enim</strong></span> <span class='ocrx_word' id='word_1_35' title='bbox 799 518 909 558; x_wconf 85' lang='lat' dir='ltr'><strong>erat</strong></span> <span class='ocrx_word' id='word_1_36' title='bbox 932 510 1166 574; x_wconf 89' lang='lat' dir='ltr'><strong>difficile),</strong></span> <span class='ocrx_word' id='word_1_37' title='bbox 1189 510 1284 559; x_wconf 89' lang='lat' dir='ltr'><strong>hoc</strong></span> <span class='ocrx_word' id='word_1_38' title='bbox 1307 511 1557 559; x_wconf 86' lang='lat' dir='ltr'><strong>nescisse?</strong></span> <span class='ocrx_word' id='word_1_39' title='bbox 1623 510 1749 558; x_wconf 86' lang='lat' dir='ltr'><strong>Erat</strong></span> <span class='ocrx_word' id='word_1_40' title='bbox 1773 513 1908 557; x_wconf 92' lang='lat' dir='ltr'><strong>enim</strong></span> 
     </span>
     <span class='ocr_line' id='line_1_9' title="bbox 428 586 1908 652; baseline -0.001 -17"><span class='ocrx_word' id='word_1_41' title='bbox 428 605 506 635; x_wconf 87' lang='lat' dir='ltr'><strong>ars</strong></span> <span class='ocrx_word' id='word_1_42' title='bbox 547 587 752 634; x_wconf 88' lang='lat' dir='ltr'><strong>difficilis</strong></span> <span class='ocrx_word' id='word_1_43' title='bbox 791 595 929 635; x_wconf 90' lang='lat' dir='ltr'><strong>recte</strong></span> <span class='ocrx_word' id='word_1_44' title='bbox 970 605 1077 634; x_wconf 91' lang='lat' dir='ltr'><strong>rem</strong></span> <span class='ocrx_word' id='word_1_45' title='bbox 1116 587 1368 652; x_wconf 84' lang='lat' dir='ltr'><strong>publicam</strong></span> <span class='ocrx_word' id='word_1_46' title='bbox 1406 604 1600 652; x_wconf 87' lang='lat' dir='ltr'><strong>regere.</strong></span> <span class='ocrx_word' id='word_1_47' title='bbox 1669 586 1769 635; x_wconf 88' lang='lat' dir='ltr'><strong>Sed</strong></span> <span class='ocrx_word' id='word_1_48' title='bbox 1807 589 1908 634; x_wconf 88' lang='lat' dir='ltr'><strong>iam</strong></span> 
     </span>
     <span class='ocr_line' id='line_1_10' title="bbox 426 664 1851 728; baseline 0 -18"><span class='ocrx_word' id='word_1_49' title='bbox 426 667 628 728; x_wconf 89' lang='lat' dir='ltr'><strong>iamque</strong></span> <span class='ocrx_word' id='word_1_50' title='bbox 659 667 826 711; x_wconf 90' lang='lat' dir='ltr'><strong>omnia</strong></span> <span class='ocrx_word' id='word_1_51' title='bbox 855 668 1067 712; x_wconf 87' lang='lat' dir='ltr'><strong>sciemus</strong></span> <span class='ocrx_word' id='word_1_52' title='bbox 1099 672 1151 712; x_wconf 91' lang='lat' dir='ltr'><strong>et</strong></span> <span class='ocrx_word' id='word_1_53' title='bbox 1181 666 1453 713; x_wconf 88' lang='lat' dir='ltr'><strong>scribemus</strong></span> <span class='ocrx_word' id='word_1_54' title='bbox 1484 664 1549 712; x_wconf 90' lang='lat' dir='ltr'><strong>ad</strong></span> <span class='ocrx_word' id='word_1_55' title='bbox 1578 671 1632 712; x_wconf 86' lang='lat' dir='ltr'><strong>te</strong></span> <span class='ocrx_word' id='word_1_56' title='bbox 1662 667 1851 712; x_wconf 84' lang='lat' dir='ltr'><strong>statim.</strong></span> 
     </span>
    </p>
   </div>
   <div class='ocr_carea' id='block_1_6' title="bbox 1083 841 1253 888">
    <p class='ocr_par' dir='ltr' id='par_1_6' title="bbox 1083 841 1253 888">
     <span class='ocr_line' id='line_1_11' title="bbox 1083 841 1253 888; baseline 0 0"><span class='ocrx_word' id='word_1_57' title='bbox 1083 841 1253 888; x_wconf 90' lang='lat' dir='ltr'>XXVI</span> 
     </span>
    </p>
   </div>
   <div class='ocr_carea' id='block_1_7' title="bbox 914 955 1424 987">
    <p class='ocr_par' dir='ltr' id='par_1_7' title="bbox 914 955 1424 987">
     <span class='ocr_line' id='line_1_12' title="bbox 914 955 1424 987; baseline 0.004 -2"><span class='ocrx_word' id='word_1_58' title='bbox 914 955 1087 986; x_wconf 85' lang='lat' dir='ltr'>CICERO</span> <span class='ocrx_word' id='word_1_59' title='bbox 1120 955 1293 986; x_wconf 84' lang='lat' dir='ltr'>ATTICO</span> <span class='ocrx_word' id='word_1_60' title='bbox 1328 955 1424 987; x_wconf 81' lang='lat' dir='ltr'><strong>SAL.</strong></span> 
     </span>
    </p>
   </div>
   <div class='ocr_carea' id='block_1_8' title="bbox 434 1036 1915 1486">
    <p class='ocr_par' dir='ltr' id='par_1_8' title="bbox 434 1036 1915 1486">
     <span class='ocr_line' id='line_1_13' title="bbox 497 1036 1911 1100; baseline 0 -17"><span class='ocrx_word' id='word_1_61' title='bbox 497 1037 608 1083; x_wconf 91' lang='lat' dir='ltr'><strong>Non</strong></span> <span class='ocrx_word' id='word_1_62' title='bbox 650 1039 788 1083; x_wconf 86' lang='lat' dir='ltr'><strong>venit</strong></span> <span class='ocrx_word' id='word_1_63' title='bbox 827 1036 962 1083; x_wconf 89' lang='lat' dir='ltr'><strong>idem</strong></span> <span class='ocrx_word' id='word_1_64' title='bbox 1003 1054 1096 1084; x_wconf 90' lang='lat' dir='ltr'><strong>usu</strong></span> <span class='ocrx_word' id='word_1_65' title='bbox 1136 1036 1274 1094; x_wconf 89' lang='lat' dir='ltr'><strong>mihi,</strong></span> <span class='ocrx_word' id='word_1_66' title='bbox 1316 1037 1452 1100; x_wconf 91' lang='lat' dir='ltr'><strong>quod</strong></span> <span class='ocrx_word' id='word_1_67' title='bbox 1493 1044 1549 1084; x_wconf 91' lang='lat' dir='ltr'><strong>tu</strong></span> <span class='ocrx_word' id='word_1_68' title='bbox 1590 1038 1681 1084; x_wconf 88' lang='lat' dir='ltr'><strong>tibi</strong></span> <span class='ocrx_word' id='word_1_69' title='bbox 1724 1037 1911 1092; x_wconf 84' lang='lat' dir='ltr'><strong>scribis,</strong></span> 
     </span>
     <span class='ocr_line' id='line_1_14' title="bbox 435 1113 1914 1178; baseline -0.001 -17"><span class='ocrx_word' id='word_1_70' title='bbox 435 1115 461 1131; x_wconf 92' lang='lat'>“</span> <span class='ocrx_word' id='word_1_71' title='bbox 485 1117 716 1177; x_wconf 82' lang='lat' dir='ltr'><strong>quotiens</strong></span> <span class='ocrx_word' id='word_1_72' title='bbox 738 1113 983 1161; x_wconf 79' lang='lat' dir='ltr'><strong>exorior‚’&#39;</strong></span> <span class='ocrx_word' id='word_1_73' title='bbox 1049 1114 1160 1178; x_wconf 85' lang='lat' dir='ltr'><strong>Ego</strong></span> <span class='ocrx_word' id='word_1_74' title='bbox 1182 1118 1316 1161; x_wconf 88' lang='lat' dir='ltr'><strong>enirn</strong></span> <span class='ocrx_word' id='word_1_75' title='bbox 1337 1131 1468 1161; x_wconf 91' lang='lat' dir='ltr'><strong>nunc</strong></span> <span class='ocrx_word' id='word_1_76' title='bbox 1491 1114 1698 1178; x_wconf 86' lang='lat' dir='ltr'><strong>paulum</strong></span> <span class='ocrx_word' id='word_1_77' title='bbox 1720 1116 1914 1161; x_wconf 87' lang='lat' dir='ltr'><strong>exorior</strong></span> 
     </span>
     <span class='ocr_line' id='line_1_15' title="bbox 436 1190 1915 1255; baseline -0.001 -17"><span class='ocrx_word' id='word_1_78' title='bbox 436 1198 489 1238; x_wconf 85' lang='lat' dir='ltr'><strong>et</strong></span> <span class='ocrx_word' id='word_1_79' title='bbox 510 1194 729 1238; x_wconf 84' lang='lat' dir='ltr'><strong>maxime</strong></span> <span class='ocrx_word' id='word_1_80' title='bbox 753 1191 958 1254; x_wconf 90' lang='lat' dir='ltr'><strong>quidem</strong></span> <span class='ocrx_word' id='word_1_81' title='bbox 978 1194 1037 1238; x_wconf 90' lang='lat' dir='ltr'><strong>iis</strong></span> <span class='ocrx_word' id='word_1_82' title='bbox 1057 1190 1258 1249; x_wconf 90' lang='lat' dir='ltr'><strong>litteris,</strong></span> <span class='ocrx_word' id='word_1_83' title='bbox 1281 1208 1411 1255; x_wconf 91' lang='lat' dir='ltr'><strong>quae</strong></span> <span class='ocrx_word' id='word_1_84' title='bbox 1435 1191 1596 1239; x_wconf 88' lang='lat' dir='ltr'><strong>Roma</strong></span> <span class='ocrx_word' id='word_1_85' title='bbox 1618 1190 1915 1239; x_wconf 84' lang='lat' dir='ltr'><strong>adferuntur</strong></span> 
     </span>
     <span class='ocr_line' id='line_1_16' title="bbox 436 1266 1915 1324; baseline -0.001 -9"><span class='ocrx_word' id='word_1_86' title='bbox 436 1269 499 1315; x_wconf 92' lang='lat' dir='ltr'><strong>de</strong></span> <span class='ocrx_word' id='word_1_87' title='bbox 526 1269 768 1324; x_wconf 87' lang='lat' dir='ltr'><strong>Domitio,</strong></span> <span class='ocrx_word' id='word_1_88' title='bbox 793 1268 856 1315; x_wconf 92' lang='lat' dir='ltr'><strong>de</strong></span> <span class='ocrx_word' id='word_1_89' title='bbox 884 1266 1166 1315; x_wconf 78' lang='lat' dir='ltr'><strong>Picentium</strong></span> <span class='ocrx_word' id='word_1_90' title='bbox 1189 1267 1490 1316; x_wconf 76' lang='lat' dir='ltr'><strong>cohortibus.</strong></span> <span class='ocrx_word' id='word_1_91' title='bbox 1560 1267 1745 1315; x_wconf 89' lang='lat' dir='ltr'><strong>Omnia</strong></span> <span class='ocrx_word' id='word_1_92' title='bbox 1771 1275 1915 1314; x_wconf 84' lang='lat' dir='ltr'><strong>erant</strong></span> 
     </span>
     <span class='ocr_line' id='line_1_17' title="bbox 435 1344 1915 1410; baseline 0 -18"><span class='ocrx_word' id='word_1_93' title='bbox 435 1345 571 1392; x_wconf 85' lang='lat' dir='ltr'><strong>facta</strong></span> <span class='ocrx_word' id='word_1_94' title='bbox 603 1344 698 1392; x_wconf 93' lang='lat' dir='ltr'><strong>hoc</strong></span> <span class='ocrx_word' id='word_1_95' title='bbox 731 1344 885 1392; x_wconf 90' lang='lat' dir='ltr'><strong>biduo</strong></span> <span class='ocrx_word' id='word_1_96' title='bbox 920 1345 1144 1392; x_wconf 88' lang='lat' dir='ltr'><strong>laetiora.</strong></span> <span class='ocrx_word' id='word_1_97' title='bbox 1214 1345 1396 1409; x_wconf 83' lang='lat' dir='ltr'><strong>Itaque</strong></span> <span class='ocrx_word' id='word_1_98' title='bbox 1432 1345 1570 1410; x_wconf 86' lang='lat' dir='ltr'><strong>fuga,</strong></span> <span class='ocrx_word' id='word_1_99' title='bbox 1607 1361 1737 1409; x_wconf 90' lang='lat' dir='ltr'><strong>quae</strong></span> <span class='ocrx_word' id='word_1_100' title='bbox 1773 1361 1915 1409; x_wconf 86' lang='lat' dir='ltr'><strong>para-</strong></span> 
     </span>
     <span class='ocr_line' id='line_1_18' title="bbox 434 1421 1583 1486; baseline -0.002 -15"><span class='ocrx_word' id='word_1_101' title='bbox 434 1424 600 1479; x_wconf 82' lang='lat' dir='ltr'><strong>batur,</strong></span> <span class='ocrx_word' id='word_1_102' title='bbox 627 1438 854 1486; x_wconf 88' lang='lat' dir='ltr'><strong>repressa</strong></span> <span class='ocrx_word' id='word_1_103' title='bbox 883 1429 960 1470; x_wconf 89' lang='lat' dir='ltr'><strong>est</strong></span> <span class='ocrx_word' id='word_1_104' title='bbox 975 1437 988 1478; x_wconf 90' lang='lat'>;</span> <span class='ocrx_word' id='word_1_105' title='bbox 1034 1421 1260 1469; x_wconf 88' lang='lat' dir='ltr'><strong>Caesaris</strong></span> <span class='ocrx_word' id='word_1_106' title='bbox 1286 1422 1583 1470; x_wconf 82' lang='lat' dir='ltr'><strong>interdicta:</strong></span> 
     </span>
    </p>
   </div>
   <div class='ocr_carea' id='block_1_9' title="bbox 593 1518 1734 1567">
    <p class='ocr_par' dir='ltr' id='par_1_9' title="bbox 593 1518 1734 1567">
     <span class='ocr_line' id='line_1_19' title="bbox 593 1518 1734 1567; baseline 0.001 -1"><span class='ocrx_word' id='word_1_107' title='bbox 593 1519 620 1536; x_wconf 93' lang='lat'><strong>“</strong></span> <span class='ocrx_word' id='word_1_108' title='bbox 644 1519 694 1566; x_wconf 91' lang='lat' dir='ltr'><strong>Si</strong></span> <span class='ocrx_word' id='word_1_109' title='bbox 723 1527 777 1566; x_wconf 88' lang='lat' dir='ltr'><strong>te</strong></span> <span class='ocrx_word' id='word_1_110' title='bbox 808 1520 1026 1566; x_wconf 89' lang='lat' dir='ltr'><strong>secundo</strong></span> <span class='ocrx_word' id='word_1_111' title='bbox 1055 1520 1242 1567; x_wconf 90' lang='lat' dir='ltr'><strong>lumine</strong></span> <span class='ocrx_word' id='word_1_112' title='bbox 1273 1519 1352 1566; x_wconf 89' lang='lat' dir='ltr'><strong>hic</strong></span> <span class='ocrx_word' id='word_1_113' title='bbox 1382 1518 1734 1567; x_wconf 86' lang='lat' dir='ltr'><strong>offendero—”</strong></span> 
     </span>
    </p>
   </div>
   <div class='ocr_carea' id='block_1_10' title="bbox 437 1617 1925 2531">
    <p class='ocr_par' dir='ltr' id='par_1_10' title="bbox 437 1617 1918 1745">
     <span class='ocr_line' id='line_1_20' title="bbox 437 1617 1918 1682; baseline -0.002 -15"><span class='ocrx_word' id='word_1_114' title='bbox 437 1625 769 1682; x_wconf 85' lang='lat' dir='ltr'><strong>respuuntur;</strong></span> <span class='ocrx_word' id='word_1_115' title='bbox 813 1619 946 1664; x_wconf 90' lang='lat' dir='ltr'><strong>bona</strong></span> <span class='ocrx_word' id='word_1_116' title='bbox 973 1617 1036 1664; x_wconf 94' lang='lat' dir='ltr'><strong>de</strong></span> <span class='ocrx_word' id='word_1_117' title='bbox 1066 1617 1308 1675; x_wconf 88' lang='lat' dir='ltr'><strong>Domitio,</strong></span> <span class='ocrx_word' id='word_1_118' title='bbox 1335 1618 1591 1681; x_wconf 88' lang='lat' dir='ltr'><strong>praeclara</strong></span> <span class='ocrx_word' id='word_1_119' title='bbox 1617 1618 1681 1664; x_wconf 91' lang='lat' dir='ltr'><strong>de</strong></span> <span class='ocrx_word' id='word_1_120' title='bbox 1709 1618 1918 1665; x_wconf 87' lang='lat' dir='ltr'><strong>Afranio</strong></span> 
     </span>
     <span class='ocr_line' id='line_1_21' title="bbox 438 1698 694 1745; baseline -0.008 0"><span class='ocrx_word' id='word_1_121' title='bbox 438 1698 573 1745; x_wconf 89' lang='lat' dir='ltr'><strong>fama</strong></span> <span class='ocrx_word' id='word_1_122' title='bbox 601 1703 694 1743; x_wconf 86' lang='lat' dir='ltr'><strong>est.</strong></span> 
     </span>
    </p>

    <p class='ocr_par' dir='ltr' id='par_1_11' title="bbox 439 1772 1925 2531">
     <span class='ocr_line' id='line_1_22' title="bbox 504 1772 1918 1837; baseline -0.001 -16"><span class='ocrx_word' id='word_1_123' title='bbox 504 1773 654 1833; x_wconf 84' lang='lat' dir='ltr'><strong>Quod</strong></span> <span class='ocrx_word' id='word_1_124' title='bbox 688 1789 770 1820; x_wconf 89' lang='lat' dir='ltr'><strong>me</strong></span> <span class='ocrx_word' id='word_1_125' title='bbox 808 1775 1102 1819; x_wconf 87' lang='lat' dir='ltr'><strong>amicissime</strong></span> <span class='ocrx_word' id='word_1_126' title='bbox 1140 1772 1397 1829; x_wconf 90' lang='lat' dir='ltr'><strong>admones,</strong></span> <span class='ocrx_word' id='word_1_127' title='bbox 1434 1779 1492 1819; x_wconf 85' lang='lat' dir='ltr'><strong>ut</strong></span> <span class='ocrx_word' id='word_1_128' title='bbox 1528 1789 1610 1819; x_wconf 92' lang='lat' dir='ltr'><strong>me</strong></span> <span class='ocrx_word' id='word_1_129' title='bbox 1647 1775 1918 1837; x_wconf 84' lang='lat' dir='ltr'><strong>integrum,</strong></span> 
     </span>
     <span class='ocr_line' id='line_1_23' title="bbox 440 1849 1919 1916; baseline -0.002 -17"><span class='ocrx_word' id='word_1_130' title='bbox 440 1851 606 1916; x_wconf 90' lang='lat' dir='ltr'><strong>quoad</strong></span> <span class='ocrx_word' id='word_1_131' title='bbox 636 1853 837 1914; x_wconf 89' lang='lat' dir='ltr'><strong>possim,</strong></span> <span class='ocrx_word' id='word_1_132' title='bbox 868 1866 1080 1906; x_wconf 88' lang='lat' dir='ltr'><strong>servem,</strong></span> <span class='ocrx_word' id='word_1_133' title='bbox 1110 1857 1311 1914; x_wconf 87' lang='lat' dir='ltr'><strong>gratum</strong></span> <span class='ocrx_word' id='word_1_134' title='bbox 1344 1856 1450 1904; x_wconf 82' lang='lat' dir='ltr'><strong>est3</strong></span> <span class='ocrx_word' id='word_1_135' title='bbox 1499 1849 1635 1913; x_wconf 92' lang='lat' dir='ltr'><strong>quod</strong></span> <span class='ocrx_word' id='word_1_136' title='bbox 1666 1849 1825 1907; x_wconf 89' lang='lat' dir='ltr'><strong>addis,</strong></span> <span class='ocrx_word' id='word_1_137' title='bbox 1855 1866 1919 1896; x_wconf 91' lang='lat' dir='ltr'><strong>ne</strong></span> 
     </span>
     <span class='ocr_line' id='line_1_24' title="bbox 439 1926 1919 1993; baseline -0.002 -18"><span class='ocrx_word' id='word_1_138' title='bbox 439 1931 729 1993; x_wconf 87' lang='lat' dir='ltr'><strong>propensior</strong></span> <span class='ocrx_word' id='word_1_139' title='bbox 769 1926 834 1974; x_wconf 88' lang='lat' dir='ltr'><strong>ad</strong></span> <span class='ocrx_word' id='word_1_140' title='bbox 873 1933 1076 1990; x_wconf 81' lang='lat' dir='ltr'><strong>turpem</strong></span> <span class='ocrx_word' id='word_1_141' title='bbox 1115 1943 1316 1974; x_wconf 88' lang='lat' dir='ltr'><strong>causam</strong></span> <span class='ocrx_word' id='word_1_142' title='bbox 1358 1926 1545 1983; x_wconf 86' lang='lat' dir='ltr'><strong>videar,</strong></span> <span class='ocrx_word' id='word_1_143' title='bbox 1585 1933 1724 1973; x_wconf 89' lang='lat' dir='ltr'><strong>certe</strong></span> <span class='ocrx_word' id='word_1_144' title='bbox 1764 1926 1919 1974; x_wconf 86' lang='lat' dir='ltr'><strong>videri</strong></span> 
     </span>
     <span class='ocr_line' id='line_1_25' title="bbox 442 2003 1920 2069; baseline -0.001 -17"><span class='ocrx_word' id='word_1_145' title='bbox 442 2022 658 2069; x_wconf 88' lang='lat' dir='ltr'><strong>possum.</strong></span> <span class='ocrx_word' id='word_1_146' title='bbox 727 2004 837 2068; x_wconf 85' lang='lat' dir='ltr'><strong>Ego</strong></span> <span class='ocrx_word' id='word_1_147' title='bbox 853 2019 936 2050; x_wconf 88' lang='lat' dir='ltr'><strong>me</strong></span> <span class='ocrx_word' id='word_1_148' title='bbox 954 2003 1135 2051; x_wconf 91' lang='lat' dir='ltr'><strong>ducem</strong></span> <span class='ocrx_word' id='word_1_149' title='bbox 1150 2006 1203 2050; x_wconf 91' lang='lat' dir='ltr'><strong>in</strong></span> <span class='ocrx_word' id='word_1_150' title='bbox 1219 2004 1348 2050; x_wconf 87' lang='lat' dir='ltr'><strong>civili</strong></span> <span class='ocrx_word' id='word_1_151' title='bbox 1364 2004 1514 2060; x_wconf 89' lang='lat' dir='ltr'><strong>bello,</strong></span> <span class='ocrx_word' id='word_1_152' title='bbox 1532 2003 1699 2067; x_wconf 85' lang='lat' dir='ltr'><strong>quoad</strong></span> <span class='ocrx_word' id='word_1_153' title='bbox 1715 2003 1779 2051; x_wconf 93' lang='lat' dir='ltr'><strong>de</strong></span> <span class='ocrx_word' id='word_1_154' title='bbox 1796 2020 1920 2067; x_wconf 89' lang='lat' dir='ltr'><strong>pace</strong></span> 
     </span>
     <span class='ocr_line' id='line_1_26' title="bbox 444 2081 1921 2147; baseline -0.001 -18"><span class='ocrx_word' id='word_1_155' title='bbox 444 2090 696 2147; x_wconf 87' lang='lat' dir='ltr'><strong>ageretur,</strong></span> <span class='ocrx_word' id='word_1_156' title='bbox 733 2083 913 2145; x_wconf 82' lang='lat' dir='ltr'><strong>negavi</strong></span> <span class='ocrx_word' id='word_1_157' title='bbox 952 2096 1079 2137; x_wconf 90' lang='lat' dir='ltr'><strong>esse,</strong></span> <span class='ocrx_word' id='word_1_158' title='bbox 1115 2097 1215 2127; x_wconf 92' lang='lat' dir='ltr'><strong>non</strong></span> <span class='ocrx_word' id='word_1_159' title='bbox 1253 2084 1374 2144; x_wconf 89' lang='lat' dir='ltr'><strong>quin</strong></span> <span class='ocrx_word' id='word_1_160' title='bbox 1410 2087 1606 2127; x_wconf 89' lang='lat' dir='ltr'><strong>rectum</strong></span> <span class='ocrx_word' id='word_1_161' title='bbox 1643 2087 1796 2137; x_wconf 86' lang='lat' dir='ltr'><strong>esset,</strong></span> <span class='ocrx_word' id='word_1_162' title='bbox 1833 2081 1921 2127; x_wconf 90' lang='lat' dir='ltr'><strong>sed</strong></span> 
     </span>
     <span class='ocr_line' id='line_1_27' title="bbox 444 2157 1920 2224; baseline -0.002 -17"><span class='ocrx_word' id='word_1_163' title='bbox 444 2163 577 2224; x_wconf 88' lang='lat' dir='ltr'><strong>quia,</strong></span> <span class='ocrx_word' id='word_1_164' title='bbox 606 2158 741 2223; x_wconf 91' lang='lat' dir='ltr'><strong>quod</strong></span> <span class='ocrx_word' id='word_1_165' title='bbox 766 2158 926 2205; x_wconf 93' lang='lat' dir='ltr'><strong>multo</strong></span> <span class='ocrx_word' id='word_1_166' title='bbox 950 2161 1137 2205; x_wconf 80' lang='lat' dir='ltr'><strong>rectius</strong></span> <span class='ocrx_word' id='word_1_167' title='bbox 1164 2157 1277 2214; x_wconf 85' lang='lat' dir='ltr'><strong>fuit,</strong></span> <span class='ocrx_word' id='word_1_168' title='bbox 1304 2157 1357 2204; x_wconf 89' lang='lat' dir='ltr'><strong>id</strong></span> <span class='ocrx_word' id='word_1_169' title='bbox 1381 2157 1504 2204; x_wconf 87' lang='lat' dir='ltr'><strong>mihi</strong></span> <span class='ocrx_word' id='word_1_170' title='bbox 1530 2157 1761 2205; x_wconf 88' lang='lat' dir='ltr'><strong>fraudem</strong></span> <span class='ocrx_word' id='word_1_171' title='bbox 1787 2158 1920 2204; x_wconf 87' lang='lat' dir='ltr'><strong>tulit.</strong></span> 
     </span>
     <span class='ocr_line' id='line_1_28' title="bbox 447 2233 1923 2291; baseline -0.001 -8"><span class='ocrx_word' id='word_1_172' title='bbox 447 2236 599 2283; x_wconf 91' lang='lat' dir='ltr'><strong>Plane</strong></span> <span class='ocrx_word' id='word_1_173' title='bbox 633 2252 765 2291; x_wconf 88' lang='lat' dir='ltr'><strong>eum,</strong></span> <span class='ocrx_word' id='word_1_174' title='bbox 796 2238 876 2282; x_wconf 92' lang='lat' dir='ltr'><strong>cui</strong></span> <span class='ocrx_word' id='word_1_175' title='bbox 906 2243 1077 2281; x_wconf 90' lang='lat' dir='ltr'><strong>noster</strong></span> <span class='ocrx_word' id='word_1_176' title='bbox 1109 2234 1323 2282; x_wconf 87' lang='lat' dir='ltr'><strong>alterum</strong></span> <span class='ocrx_word' id='word_1_177' title='bbox 1355 2234 1669 2281; x_wconf 88' lang='lat' dir='ltr'><strong>consulatum</strong></span> <span class='ocrx_word' id='word_1_178' title='bbox 1701 2233 1923 2282; x_wconf 86' lang='lat' dir='ltr'><strong>deferret</strong></span> 
     </span>
     <span class='ocr_line' id='line_1_29' title="bbox 447 2310 1923 2375; baseline -0.001 -16"><span class='ocrx_word' id='word_1_179' title='bbox 447 2320 500 2360; x_wconf 85' lang='lat' dir='ltr'><strong>et</strong></span> <span class='ocrx_word' id='word_1_180' title='bbox 529 2311 841 2375; x_wconf 87' lang='lat' dir='ltr'><strong>triumphum</strong></span> <span class='ocrx_word' id='word_1_181' title='bbox 873 2312 947 2373; x_wconf 89' lang='lat' dir='ltr'><strong>(at</strong></span> <span class='ocrx_word' id='word_1_182' title='bbox 979 2312 1159 2374; x_wconf 89' lang='lat' dir='ltr'><strong>quibus</strong></span> <span class='ocrx_word' id='word_1_183' title='bbox 1191 2311 1380 2358; x_wconf 85' lang='lat' dir='ltr'><strong>verbis!</strong></span> <span class='ocrx_word' id='word_1_184' title='bbox 1432 2310 1458 2357; x_wconf 66' lang='lat'><strong>‘,‘</strong></span> <span class='ocrx_word' id='word_1_185' title='bbox 1482 2328 1573 2375; x_wconf 91' lang='lat' dir='ltr'><strong>pro</strong></span> <span class='ocrx_word' id='word_1_186' title='bbox 1604 2314 1704 2357; x_wconf 89' lang='lat' dir='ltr'><strong>tuis</strong></span> <span class='ocrx_word' id='word_1_187' title='bbox 1735 2311 1885 2358; x_wconf 90' lang='lat' dir='ltr'><strong>rebus</strong></span> <span class='ocrx_word' id='word_1_188' title='bbox 1903 2311 1923 2341; x_wconf 85' lang='lat'>1</span> 
     </span>
     <span class='ocr_line' id='line_1_30' title="bbox 446 2387 1920 2455; baseline -0.001 -19"><span class='ocrx_word' id='word_1_189' title='bbox 446 2393 601 2455; x_wconf 87' lang='lat' dir='ltr'><strong>gestis</strong></span> <span class='ocrx_word' id='word_1_190' title='bbox 653 2388 964 2452; x_wconf 88' lang='lat' dir='ltr'><strong>amplissimis</strong></span> <span class='ocrx_word' id='word_1_191' title='bbox 990 2387 1056 2449; x_wconf 78' lang='lat'><strong>”),</strong></span> <span class='ocrx_word' id='word_1_192' title='bbox 1106 2391 1360 2435; x_wconf 80' lang='lat' dir='ltr'><strong>inimicum</strong></span> <span class='ocrx_word' id='word_1_193' title='bbox 1410 2387 1597 2435; x_wconf 86' lang='lat' dir='ltr'><strong>habere</strong></span> <span class='ocrx_word' id='word_1_194' title='bbox 1649 2387 1920 2435; x_wconf 88' lang='lat' dir='ltr'><strong>nolueram.</strong></span> 
     </span>
     <span class='ocr_line' id='line_1_31' title="bbox 446 2463 1925 2531; baseline -0.002 -18"><span class='ocrx_word' id='word_1_195' title='bbox 446 2468 555 2531; x_wconf 86' lang='lat' dir='ltr'><strong>Ego</strong></span> <span class='ocrx_word' id='word_1_196' title='bbox 576 2469 692 2522; x_wconf 90' lang='lat' dir='ltr'><strong>scio,</strong></span> <span class='ocrx_word' id='word_1_197' title='bbox 713 2472 766 2512; x_wconf 80' lang='lat' dir='ltr'><strong>et</strong></span> <span class='ocrx_word' id='word_1_198' title='bbox 786 2481 937 2528; x_wconf 91' lang='lat' dir='ltr'><strong>quem</strong></span> <span class='ocrx_word' id='word_1_199' title='bbox 957 2472 1184 2512; x_wconf 86' lang='lat' dir='ltr'><strong>metuam</strong></span> <span class='ocrx_word' id='word_1_200' title='bbox 1204 2472 1257 2512; x_wconf 90' lang='lat' dir='ltr'><strong>et</strong></span> <span class='ocrx_word' id='word_1_201' title='bbox 1277 2482 1429 2528; x_wconf 93' lang='lat' dir='ltr'><strong>quam</strong></span> <span class='ocrx_word' id='word_1_202' title='bbox 1449 2465 1513 2511; x_wconf 93' lang='lat' dir='ltr'><strong>ob</strong></span> <span class='ocrx_word' id='word_1_203' title='bbox 1533 2481 1654 2511; x_wconf 87' lang='lat' dir='ltr'><strong>rem.</strong></span> <span class='ocrx_word' id='word_1_204' title='bbox 1723 2463 1809 2511; x_wconf 89' lang='lat' dir='ltr'><strong>Sin</strong></span> <span class='ocrx_word' id='word_1_205' title='bbox 1829 2467 1925 2512; x_wconf 85' lang='lat' dir='ltr'><strong>erit</strong></span> 
     </span>
    </p>
   </div>
   <div class='ocr_carea' id='block_1_11' title="bbox 445 2570 1704 2688">
    <p class='ocr_par' dir='ltr' id='par_1_12' title="bbox 445 2570 1704 2688">
     <span class='ocr_line' id='line_1_32' title="bbox 462 2570 1704 2622; baseline -0.002 -9"><span class='ocrx_word' id='word_1_206' title='bbox 462 2620 464 2622; x_wconf 21' lang='lat'><strong><em>¹</em></strong></span> <span class='ocrx_word' id='word_1_207' title='bbox 668 2570 682 2594; x_wconf 84' lang='lat'>²</span> <span class='ocrx_word' id='word_1_208' title='bbox 712 2583 788 2621; x_wconf 90' lang='lat' dir='ltr'><strong>pro</strong></span> <span class='ocrx_word' id='word_1_209' title='bbox 810 2571 899 2610; x_wconf 77' lang='lat' dir='ltr'><strong>tuis</strong></span> <span class='ocrx_word' id='word_1_210' title='bbox 919 2570 1047 2610; x_wconf 83' lang='lat' dir='ltr'><strong>rebus</strong></span> <span class='ocrx_word' id='word_1_211' title='bbox 1069 2570 1300 2612; x_wconf 70' lang='lat' dir='ltr'><strong>Lambinus</strong></span> <span class='ocrx_word' id='word_1_212' title='bbox 1318 2585 1334 2617; x_wconf 88' lang='lat'><strong>,·</strong></span> <span class='ocrx_word' id='word_1_213' title='bbox 1371 2575 1422 2610; x_wconf 76' lang='lat' dir='ltr'><strong>ut</strong></span> <span class='ocrx_word' id='word_1_214' title='bbox 1444 2582 1617 2622; x_wconf 81' lang='lat' dir='ltr'><strong>prorsus</strong></span> <span class='ocrx_word' id='word_1_215' title='bbox 1639 2570 1704 2611; x_wconf 88' lang='lat' dir='ltr'><strong>M.</strong></span> 
     </span>
     <span class='ocr_line' id='line_1_33' title="bbox 445 2644 503 2688; baseline -0.034 0"><span class='ocrx_word' id='word_1_216' title='bbox 445 2644 503 2688; x_wconf 91' lang='lat'><strong>94</strong></span> 
     </span>
    </p>
   </div>
  </div>
 </body>
</html>
