2014 3008
771 219 1055 268 MARCUS
1098 218 1400 268 TULLIUS
1445 220 1696 269 CICERO

490 353 664 397 statim
695 348 932 396 ardentes
963 348 1132 396 dolore
1164 355 1412 396 venerunt
1443 348 1602 396 scelus
1633 348 1846 398 hominis
1877 351 1974 398 cla-

489 437 716 483 mantes;
768 428 1007 492 epistulas
1040 427 1160 475 mihi
1193 428 1428 493 legerunt
1459 429 1634 492 plenas
1667 433 1891 478 omnium
1922 434 1974 477 in

489 527 571 556 me
621 510 928 573 probrorum.
998 508 1094 555 Hic
1144 508 1375 573 Ligurius
1424 508 1604 556 furere.
1675 508 1703 526 “
1727 509 1791 558 Se
1818 514 1974 558 'enim

488 593 612 636 scire
660 606 854 636 summo
900 588 1039 636 illum
1084 592 1135 635 in
1181 589 1294 636 odio
1340 588 1491 636 fuisse
1539 589 1756 637 Caesari.
1827 590 1974 638 Illum

487 677 662 716 tamen
687 686 788 717 non
811 669 961 717 modo
986 669 1184 725 favisse,
1210 669 1300 716 sed
1325 672 1481 716 etiam
1506 677 1705 717 tantam
1728 669 1798 716 illi
1823 687 1973 734 pecu-

488 753 622 797 niam
658 749 855 798 dedisse
889 749 1089 797 honoris
1124 753 1221 797 mei
1257 747 1459 797 causa.’'
1528 750 1638 797 Hoc
1673 767 1768 814 ego
1804 751 1974 798 dolore

486 838 697 894 accepto
727 830 856 877 volui
886 833 1028 886 scire,
1059 830 1180 894 quid
1209 833 1486 893 scripsisset
1515 830 1580 877 ad
1608 837 1831 886 ceteros3
1878 834 1972 894 ipsi

489 915 623 958 enim
649 910 717 957 illi
744 913 918 974 putavi
943 909 1427 974 perniciosum‘fore,
1454 913 1493 957 si
1521 913 1627 957 eius
1653 910 1746 957 hoc
1772 918 1974 958 tantum

488 991 648 1039 scelus
668 991 1078 1055 percrebruisset.
1147 991 1370 1055 Cognovi
1391 990 1617 1038 eiusdem
1637 994 1850 1056 generis.
1892 991 1975 1038 Ad

488 1079 541 1119 te
580 1075 703 1119 misi.
774 1071 912 1130 Quas
950 1074 988 1118 si
1027 1072 1229 1135 putabis
1266 1071 1335 1117 illi
1374 1074 1466 1135 ipsi
1505 1071 1629 1118 utile
1668 1088 1777 1118 esse
1813 1071 1974 1128 reddi,

489 1153 682 1200 reddes.
754 1152 836 1198 Nil
854 1169 937 1199 me
955 1151 1140 1199 laedet.
1212 1152 1358 1208 Nam,
1379 1151 1515 1215 quod
1532 1154 1819 1216 resignatae
1839 1160 1973 1210 sunt,

487 1233 661 1289 habet,
683 1236 874 1296 opinor,
897 1235 1003 1293 eius
1025 1235 1223 1296 signum
1247 1231 1535 1295 Pomponia.
1606 1231 1716 1279 Hac
1735 1231 1818 1281 ille
1840 1249 1976 1280 acer-

488 1315 651 1360 bitate
685 1316 829 1360 initio
863 1315 1195 1377 navigationis
1229 1330 1344 1359 cum
1378 1329 1494 1359 usus
1529 1319 1680 1368 esset,
1714 1319 1860 1359 tanto
1893 1329 1983 1360 me·

488 1394 657 1441 dolore
689 1392 896 1449 adfecit,
926 1401 984 1440 ut
1014 1400 1192 1456 postea
1221 1396 1477 1449 iacuerim‚
1508 1409 1674 1456 neque
1706 1409 1838 1440 nunc
1866 1400 1972 1439 tam

488 1491 577 1539 pro
600 1491 652 1521 se
676 1491 828 1538 quam
849 1481 1026 1520 contra
1047 1490 1128 1520 me
1152 1473 1377 1520 laborare
1400 1473 1598 1520 dicitur.

554 1555 635 1601 Ita
658 1555 888 1601 omnibus
911 1555 1061 1601 rebus
1085 1569 1293 1618 urgeor3
1336 1570 1460 1616 quas
1485 1556 1733 1600 sustinere
1758 1556 1839 1600 vix
1863 1570 1972 1617 pos-

488 1652 598 1682 sum
618 1634 696 1682 vel
713 1634 863 1698 plane
882 1633 1018 1681 nullo
1036 1634 1188 1682 modo
1207 1651 1424 1697 possum.
1485 1633 1679 1692 Quibus
1698 1636 1748 1679 in
1767 1636 1975 1681 miseriis

488 1732 589 1762 una
608 1722 686 1762 est
705 1732 794 1779 pro
813 1716 1060 1770 omnibus,
1083 1714 1219 1778 quod
1237 1717 1386 1760 istam
1405 1717 1640 1760 miseram
1657 1716 1974 1777 patrimonio,

489 1795 691 1842 fortuna
735 1798 866 1842 omni
913 1794 1178 1858 spoliatam
1222 1794 1517 1858 relinquam.
1586 1793 1755 1852 Quare
1800 1800 1870 1850 te,
1916 1801 1974 1840 ut

488 1876 749 1940 polliceris,
804 1875 973 1922 videre
1027 1874 1175 1938 plane
1230 1874 1393 1921 velim.
1464 1873 1631 1920 Alium
1687 1876 1837 1929 enim,
1891 1877 1968 1920 cui

490 1956 624 2003 illam
656 1955 1023 2011 commendem,
1056 1954 1219 2001 habeo
1250 1957 1522 2010 neminem,
1555 1957 1793 2017 quoniam
1825 1956 1972 2000 matri

490 2053 690 2100 quoque
744 2035 924 2083 eadem
976 2034 1199 2082 intellexi
1257 2050 1365 2081 esse
1418 2040 1596 2098 parata
1648 2050 1778 2097 quae
1831 2033 1967 2080 mihi.

491 2116 608 2172 Sed,
644 2118 683 2162 si
720 2132 802 2162 me
839 2133 937 2162 non
975 2113 1214 2171 offendes,
1251 2117 1371 2161 satis
1407 2121 1582 2160 tamen
1617 2113 1805 2160 habeto
1841 2129 1973 2160 com·

491 2196 801 2251 mendatam,
854 2203 1190 2258 patruumque
1241 2197 1292 2240 in
1343 2210 1420 2250 ea,
1471 2200 1717 2257 quantum
1767 2195 1972 2256 poteris,

490 2279 738 2340 mitigato.

555 2356 696 2403 Haec
732 2356 796 2402 ad
831 2363 884 2402 te
920 2355 1001 2402 die
1038 2355 1191 2402 natali
1228 2371 1341 2401 meo
1376 2356 1563 2417 scripsi.
1632 2353 1745 2412 Quo
1780 2356 1975 2400 utinam

493 2444 756 2499 susceptus
790 2452 887 2482 non
921 2451 1098 2488 essem,
1134 2441 1221 2481 aut
1254 2451 1317 2481 ne
1351 2434 1472 2497 quid
1504 2450 1566 2480 ex
1601 2433 1778 2480 eadem
1811 2441 1974 2480 matre

491 2523 668 2578 postea
694 2523 868 2563 natum
897 2515 1056 2562 esset!
1126 2513 1273 2560 Plura
1298 2515 1514 2561 scribere
1541 2512 1664 2560 fletu
1689 2512 1970 2578 prohibeor.

490 2634 579 2692 380
