1988 3008
682 203 968 252 MARCUS
1012 203 1315 252 TULLIUS
1361 204 1612 253 CICERO

396 337 539 382 τικοῦ.
608 333 851 381 Evocavit
886 332 1070 380 litteris
1108 349 1137 380 e
1174 336 1456 397 municipiis
1493 333 1671 381 decem
1708 337 1892 398 primos

399 421 453 460 et
471 429 551 460 1111
569 416 712 461 viros.
776 413 1041 460 Venerunt
1058 413 1123 460 ad
1139 413 1308 459 villam
1324 416 1430 460 eius
1446 430 1611 461 mane.
1670 413 1892 462 Primum

399 493 603 540 dormiit
622 493 687 540 ad
704 492 753 539 h.
776 508 855 550 111,
874 493 1078 549 deinde,
1096 510 1212 540 cum
1232 500 1366 540 esset
1386 497 1678 541 nuntiatum
1697 498 1891 542 venisse

401 573 761 636 Neapolitanos
781 580 835 620 et
854 573 1105 621 Cumanos
1125 573 1220 636 (his
1241 577 1376 620 enim
1395 581 1474 621 est
1492 574 1677 621 Caesar
1692 575 1891 639 iratus),

400 653 641 717 postridie
662 653 828 701 redire
858 657 1031 710 iussit3
1070 653 1224 701 lavari
1255 670 1310 702 se
1340 654 1468 701 velle
1499 661 1553 702 et
1586 656 1691 719 περὶ
1722 659 1892 704 κοιλιο-

397 735 568 783 λυσίαν
603 735 832 799 γίνεσθαι.
904 733 1013 781 Hoc
1049 751 1134 781 ere
1171 733 1354 782 effecit.
1439 735 1605 783 Hodie
1637 742 1812 783 autem
1841 738 1892 782 in

399 815 673 861 Aenariam
686 817 902 862 transire
917 817 1198 861 constituit.
1269 814 1537 862 Exsulibus
1551 815 1775 862 reditum
1788 815 1890 880 pol-

324 950 325 953 *
397 894 590 942 licetur.

463 974 564 1022 Sed
607 974 733 1022 haec
777 978 1090 1032 omittamus,
1136 975 1200 1022 de
1246 976 1388 1023 nobis
1433 975 1622 1040 aliquid
1667 993 1889 1041 agamus.
1942 995 1943 998 ¹

399 1056 446 1103 A
497 1055 557 1114 Q.
613 1056 746 1102 Axio
797 1059 967 1119 accepi
1022 1055 1233 1103 litteras.
1306 1057 1386 1104 De
1437 1056 1619 1104 Tirone
1670 1064 1889 1121 gratum.
1940 1070 1944 1074 ‘

399 1137 698 1184 Vettienum
714 1136 883 1201 diligo.
953 1136 1186 1183 Vestorio
1202 1136 1414 1184 reddidi.
1483 1136 1682 1185 Servius
1698 1155 1772 1201 pr.
1792 1138 1889 1184 No-

399 1234 487 1264 nas
511 1216 675 1264 Maias
698 1216 986 1263 Menturnis
1006 1220 1247 1264 mansisse
1268 1217 1470 1274 dicitur,
1489 1216 1639 1265 hodie
1658 1221 1711 1264 in
1731 1217 1892 1266 Liter-
1944 1270 1946 1273 v

399 1301 517 1344 nino
544 1314 807 1344 mansurus
837 1297 973 1360 apud
1001 1297 1054 1343 C.
1089 1297 1404 1344 Marcellum.
1475 1297 1595 1345 Cras
1622 1301 1777 1362 igitur
1803 1315 1892 1346 nos

399 1386 597 1426 mature
620 1378 814 1425 videbit
835 1377 1058 1441 mihique
1082 1378 1224 1424 dabit
1248 1385 1605 1443 argumentum
1628 1378 1693 1426 ad
1714 1385 1768 1426 te
1791 1383 1891 1444 epi-

399 1459 577 1506 stulae.
649 1459 759 1506 Iam
797 1461 932 1505 enim
969 1475 1070 1506 non
1106 1461 1320 1522 reperio,
1359 1459 1495 1522 quod
1530 1460 1624 1506 tibi
1661 1461 1888 1507 scribam.

401 1540 531 1587 Illud
554 1539 789 1596 admiror,
813 1539 949 1602 quod
971 1539 1224 1586 Antonius
1248 1539 1313 1586 ad
1335 1555 1417 1587 me
1440 1556 1505 1587 ne
1528 1542 1764 1587 nuntium
1786 1543 1892 1604 qui-

399 1621 534 1676 dem,
555 1637 670 1668 cum
689 1622 991 1684 praesertim
1010 1636 1094 1667 me
1115 1619 1260 1666 valde
1282 1621 1576 1667 observarit.
1644 1620 1893 1668 Videlicet

400 1701 588 1764 aliquid
606 1703 823 1748 atrocius
841 1700 904 1747 de
922 1716 1003 1747 me
1020 1703 1327 1764 imperatum
1345 1707 1437 1747 est.
1508 1700 1689 1748 Coram
1704 1694 1891 1766 negare
1970 1692 1973 1693 ⁷

399 1781 518 1828 mihi
555 1798 654 1828 non
683 1781 807 1837 vult,
838 1780 973 1844 quod
1002 1797 1097 1845 ego
1127 1798 1220 1828 nec
1248 1788 1515 1845 rogaturus
1545 1798 1683 1828 eram
1712 1799 1821 1837 nec,
1850 1785 1886 1829 si

399 1866 768 1925 impetrassem,
791 1861 1089 1908 crediturus.
1161 1860 1263 1908 Nos
1285 1868 1459 1908 tamen
1483 1861 1672 1925 aliquid
1694 1866 1892 1926 excogi-
1941 1906 1945 1924 ἶ

399 1944 633 1990 tabimus.
702 1941 796 1997 Tu,
813 1958 1019 2005 quaeso,
1035 1945 1074 1988 si
1090 1941 1212 2005 quid
1224 1945 1276 1987 in
1292 1942 1560 2005 Hispaniis.
1634 1942 1742 1990 Iam
1757 1946 1890 1990 enim

399 2025 589 2087 poterit
619 2022 798 2078 audiri,
830 2029 884 2069 et
915 2038 1089 2069 omnes
1119 2025 1194 2069 ita
1225 2029 1543 2086 exspectant,
1575 2030 1648 2078 ut,
1680 2026 1720 2070 si
1750 2030 1890 2071 recte
1938 2059 1940 2061 -

399 2103 570 2160 fuerit,
589 2102 712 2149 nihil
731 2105 924 2167 negotii
951 2101 1179 2150 futurum
1197 2109 1397 2166 putent.
1468 2103 1577 2168 Ego
1600 2109 1774 2151 autem
1798 2120 1892 2152 nec
1943 2091 1955 2170 g

399 2186 613 2231 retentis
632 2186 691 2230 iis
715 2182 1003 2230 confectam
1022 2199 1130 2229 rem
1151 2189 1295 2247 put0,
1318 2198 1484 2247 neque
1505 2185 1695 2231 amissis
1715 2183 1890 2248 despe·

399 2270 578 2311 ratam.
638 2261 813 2310 Silium
829 2269 882 2310 et
897 2262 1133 2310 Ocellam
1149 2269 1202 2310 et
1215 2269 1411 2310 ceteros
1426 2262 1576 2311 credo
1589 2263 1886 2311 retardatos.

397 2344 469 2391 Te
494 2360 695 2407 quoque
721 2361 750 2390 a
774 2343 948 2390 Curtio
971 2343 1201 2407 impediri
1227 2343 1387 2390 video.
1457 2343 1584 2402 Etsi,
1609 2350 1666 2391 ut
1699 2347 1888 2408 opinor,

400 2423 556 2472 habes
580 2423 818 2473 ἔκπλουν.1

744 2532 760 2557 ¹
791 2531 964 2575 ἔκπλουν
988 2533 1155 2574 Baiter:
1189 2550 1396 2575 εκιταονον
1425 2532 1558 2574 MSS.

398 2624 488 2670 334
