1988 3008
82 1919 177 1966 Ser.
201 1919 248 1965 in

85 1986 289 2033 Cumano

83 2052 226 2098 medio
248 2071 305 2099 m.

84 2119 196 2183 Apr.
225 2136 269 2165 a.
299 2120 390 2168 705

706 215 989 264 MARCUS
1033 216 1335 265 TULLIUS
1381 217 1633 266 CICERO

421 344 613 392 Tamen
657 343 779 391 nihil
822 348 1252 407 praetermittam.
1322 345 1494 410 Atque
1539 349 1735 394 utinam
1776 355 1917 404 tu—‚
1987 358 1988 366 ¹

421 421 512 468 sed
559 421 818 468 molestior
865 438 966 468 non
1014 439 1117 469 ero.
1186 422 1471 485 Epistulam
1518 423 1584 471 ad
1630 423 1915 471 Vestorium

421 501 596 545 stat-im
631 498 810 555 detuli,
843 515 901 545 ac
935 498 1080 546 valde
1114 502 1375 562 requirere
1409 499 1620 547 solebat.
1689 500 1916 548 Commo-

423 574 532 621 dius
561 581 734 621 tecum
763 574 1033 622 Vettienus
1064 583 1143 622 est
1172 575 1387 632 locutus,
1417 593 1568 640 quam
1597 577 1663 624 ad
1690 594 1772 624 me
1800 581 1918 625 scri-

422 658 611 715 pserat.
680 651 780 699 Sed
810 655 982 698 mirari
1013 655 1135 699 satis
1167 651 1380 699 hominis
1412 653 1789 718 neglegentiam
1818 671 1919 702 non

423 745 569 791 queo.
639 728 767 775 Cum
799 732 934 776 enim
965 728 1087 775 mihi
1120 728 1416 777 Philotimus
1450 730 1662 778 dixisset
1693 747 1748 778 se
1781 730 1866 778 HS
1890 740 1919 779 13

424 822 595 852 emere
626 805 690 852 de
722 805 963 853 Canuleio
995 805 1341 853 deversorium
1371 806 1494 854 illud
1522 824 1686 870 posse,
1715 811 1918 854 minoris

425 885 581 929 etiam
614 889 923 945 empturum,
944 886 984 929 si
1019 882 1317 930 Vettienum
1337 900 1612 948 rogassem,
1632 888 1822 948 rogavi,
1844 892 1917 941 ut,

423 962 463 1006 si
496 958 617 1023 quid
647 966 838 1022 posset,
870 976 933 1006 ex
966 976 1027 1006 ea
1057 976 1255 1006 summa
1285 959 1601 1008 detraheret.
1670 959 1916 1008 Promisit.

424 1036 508 1082 Ad
536 1052 619 1082 me
651 1052 812 1098 nuper
841 1053 895 1083 se
927 1035 1012 1082 HS
1044 1045 1138 1082 XXX
1171 1039 1380 1093 emisse3
1431 1044 1489 1083 ut
1518 1038 1812 1094 scriberem,
1839 1041 1917 1085 cui

424 1113 605 1159 vellem
637 1112 831 1167 addici3
884 1113 1020 1159 diem
1052 1116 1298 1176 pecuniae
1333 1113 1450 1160 Idus
1485 1112 1754 1160 Novembr.
1792 1131 1916 1162 esse.

425 1190 676 1253 Rescripsi
706 1193 752 1236 ei
779 1189 1160 1245 stomachosius,
1188 1207 1303 1236 cum
1332 1194 1439 1237 ioco
1467 1198 1643 1238 tamen
1670 1190 1916 1238 familiari.

426 1267 589 1323 Nunc,
610 1270 847 1330 quoniam
863 1270 970 1329 agit
992 1266 1288 1323 liberaliter,
1303 1266 1424 1313 nihil
1447 1283 1625 1315 accuso
1648 1266 1919 1324 hominem,

424 1347 700 1407 scripsique
736 1343 801 1391 ad
836 1360 952 1391 eum
987 1360 1070 1390 me
1106 1360 1135 1390 a
1169 1351 1223 1390 te
1258 1347 1530 1391 certiorem
1566 1360 1676 1391 esse
1710 1344 1917 1392 factum.

425 1421 518 1476 Tu,
545 1420 608 1467 de
634 1427 724 1467 tuo
751 1423 935 1467 itinere
964 1420 1085 1484 quid
1112 1428 1165 1467 et
1194 1421 1395 1483 quando
1421 1424 1634 1485 cogites,
1662 1421 1812 1469 velim
1837 1438 1919 1468 me

424 1501 693 1545 certiorem
716 1496 884 1544 facias.
953 1497 1015 1543 A.
1041 1497 1088 1544 d.
1115 1513 1175 1543 xv
1202 1497 1264 1544 K.
1292 1497 1471 1544 Maias.

1137 1738 1206 1784 VI

917 1851 1091 1883 CICERO
1126 1851 1299 1882 ATTICO
1333 1851 1431 1883 SAL.

498 1933 588 1981 Me
639 1931 801 1981 adhuc
842 1932 964 1979 nihil
998 1940 1206 1995 praeter
1259 1938 1624 1995 tempestatem
1677 1939 1916 1980 moratur.

434 2011 620 2058 Astute
658 2009 778 2056 nihil
816 2027 928 2056 sum
967 2017 1186 2056 acturus.
1256 2009 1368 2055 Fiat
1407 2012 1458 2055 in
1495 2008 1741 2072 Hispania
1779 2009 1918 2072 quid-

433 2088 586 2142 libet3
632 2094 685 2134 et
709 2094 885 2133 tamen
908 2089 982 2132 ire
1006 2093 1204 2133 certum
1231 2085 1347 2133 est.1
1416 2084 1562 2132 Meas
1587 2088 1918 2149 cogitationes

431 2167 591 2211 omnis
626 2163 867 2226 explicavi
903 2163 996 2210 tibi
1030 2162 1371 2225 superioribus
1406 2161 1606 2208 litteris.
1675 2161 1919 2220 Quocirca

433 2240 529 2288 hae
564 2248 682 2287 sunt
718 2241 915 2296 breves,
952 2242 1108 2286 etiam
1128 2238 1146 2267 ²
1184 2242 1301 2302 quia
1337 2238 1642 2285 festinabam
1679 2254 1919 2302 eramque

433 2320 736 2380 occupatior.

499 2394 579 2440 De
606 2393 795 2452 Quinto
822 2392 921 2440 filio
948 2393 1004 2440 fit
1030 2409 1059 2439 a
1084 2409 1166 2440 me
1194 2391 1397 2456 quidem
1423 2390 1626 2446 sedu103
1672 2391 1763 2438 sed
1788 2394 1916 2438 nosti

494 2500 508 2525 ¹
540 2501 596 2539 ire
621 2502 794 2545 certum>
809 2505 875 2538 est
906 2498 1140 2548 Wesenberg}
1159 2513 1169 2536 .’
1214 2499 1362 2537 recitet.
1387 2502 1431 2536 et
1457 2497 1508 2536 M
1511 2497 1565 2536 Zb
1585 2511 1594 2536 ε
1628 2497 1824 2536 reticeret
1847 2496 1917 2536 ΖΙ.

713 2553 729 2578 ²
757 2554 888 2592 etiam
923 2552 1174 2604 Mala-spina
1194 2566 1207 2592 .·
1253 2555 1299 2591 et
1328 2556 1473 2590 tamen
1510 2549 1641 2591 MSS.
1986 2550 1988 2558 ⁴

422 2646 521 2690 *294
