1988 3008
78 743 176 792 Ser.
209 744 407 793 Formiis

85 811 159 859 VI
174 811 247 858 Id.

79 877 228 926 Mart.
249 896 293 926 a.
313 881 407 931 705

713 290 997 339 MARCUS
1041 291 1341 341 TULLIUS
1388 292 1639 341 CICERO

1151 561 1197 607 V

914 674 1088 705 CICERO
1124 675 1297 706 ATTICO
1332 675 1429 707 SAL.

494 754 663 801 Natali
696 754 778 802 die
810 762 901 802 tuo
933 759 1172 819 scripsisti
1205 758 1474 820 epistulam
1508 757 1571 806 ad
1604 775 1685 807 me
1717 758 1918 823 plenam

429 835 617 882 consilii
660 852 989 899 summaeque
1029 853 1145 883 cum
1184 837 1571 885 benevolentiae
1609 846 1723 886 tum
1763 843 1918 887 etiam

429 915 746 980 prudentiae.
815 915 945 962 Eam
979 915 1100 963 mihi
1139 915 1436 964 Philotimus
1470 918 1731 981 postridie,
1767 937 1918 982 quam

428 1014 458 1043 a
496 1004 550 1044 te
590 1003 875 1060 acceperat,
915 996 1152 1044 reddidit.
1221 996 1349 1044 Sunt
1389 1000 1487 1045 ista
1526 998 1749 1062 quidem,
1789 1016 1919 1063 quae

427 1077 672 1141 disputas,
705 1076 1009 1134 difficillima,
1042 1079 1140 1124 iter
1173 1077 1238 1124 ad
1271 1094 1527 1141 superum,
1560 1082 1815 1143 navigatio
1847 1082 1919 1126 in-

428 1158 552 1214 fero,
595 1157 841 1205 discessus
884 1158 1151 1221 Arpinum,
1194 1174 1259 1205 ne
1302 1157 1435 1205 hunc
1478 1157 1686 1222 fugisse,
1727 1162 1919 1206 mansio

430 1239 655 1294 Formiis,
683 1254 748 1284 ne
778 1237 1019 1285 obtulisse
1049 1254 1138 1285 nos
1167 1237 1494 1302 gratulationi
1524 1238 1801 1295 videamur,
1830 1238 1920 1288 sed

427 1321 655 1366 miserius
679 1317 800 1364 nihil
827 1335 979 1381 quam
1005 1335 1067 1365 ea
1090 1318 1279 1374 videre,
1305 1335 1436 1382 quae
1461 1325 1636 1366 tamen
1659 1321 1778 1376 iam,
1801 1322 1923 1382 iam,

427 1403 650 1463 inquam,
678 1398 896 1446 videnda
924 1405 1087 1445 erunt.

493 1479 609 1526 Fuit
630 1479 766 1542 apud
784 1495 866 1525 me
889 1477 1176 1534 Postumus,
1196 1481 1368 1542 scripsi
1389 1478 1454 1526 ad
1473 1485 1545 1535 te,
1566 1496 1719 1543 quam
1737 1483 1916 1545 gravis.

429 1560 582 1608 Venit
607 1559 672 1606 ad
696 1575 779 1606 me
806 1562 962 1606 etiam
988 1558 1050 1617 Q.
1080 1558 1249 1606 Fufius
1276 1576 1376 1622 quo
1401 1559 1561 1615 vultu,
1587 1576 1688 1623 quo
1713 1561 1917 1624 spiritu!

429 1656 702 1705 properans
728 1638 1067 1695 Brundisium,
1094 1638 1254 1686 scelus
1283 1655 1522 1686 accusans
1550 1638 1776 1704 Pompei,
1803 1639 1919 1689 levi-

429 1728 593 1768 tatem
622 1726 676 1767 et
704 1719 975 1767 stultitiam
1004 1726 1225 1766 senatus.
1296 1718 1438 1766 Haec
1468 1723 1554 1783 qui
1583 1722 1635 1767 in
1662 1737 1779 1768 mea
1807 1720 1921 1768 villa

429 1819 529 1850 non
571 1800 748 1857 feram,
791 1798 1022 1846 Curtium
1064 1801 1115 1845 in
1156 1802 1294 1846 curia
1334 1806 1513 1863 potero
1555 1799 1723 1848 ferre?
1790 1802 1919 1865 Age,

429 1883 564 1947 finge
599 1897 682 1928 me
719 1882 946 1943 quamvis
982 1881 1280 1945 εὖστομάχως
1308 1878 1435 1927 haec
1464 1879 1734 1937 ferentem,
1765 1881 1920 1944 quid?

429 1963 512 2010 illa
541 1960 568 1978 “
594 1961 711 2018 D1c,
742 1959 816 2006 M.
846 1959 997 2006 Tvnm
1022 1958 1050 1975 ’'
1080 1976 1233 2023 quem
1261 1958 1525 2007 habebunt
1555 1962 1784 2008 exitum?
1851 1961 1919 2008 Et

429 2045 610 2091 omitto
634 2057 838 2089 causam
863 2043 936 2087 rei
961 2039 1210 2104 publicae,
1237 2057 1391 2104 quam
1416 2057 1512 2105 ego
1538 2043 1771 2088 amissam
1797 2049 1920 2106 puto

428 2141 544 2172 cum
573 2121 876 2171 ,vulneribus
922 2123 1022 2168 suis
1068 2127 1179 2167 tum
1224 2120 1609 2168 medicamentis
1655 2123 1742 2177 eis,
1790 2139 1920 2185 quae
1986 2143 1988 2184 1

430 2209 689 2268 parantur,
721 2201 786 2248 de
820 2199 1061 2264 Pompeio
1095 2200 1215 2264 quid
1249 2201 1432 2265 agam?
1483 2203 1561 2248 cui
1595 2200 1745 2264 plane
1779 2201 1919 2265 (quid

430 2286 565 2332 enim
595 2281 689 2329 hoc
720 2298 905 2346 negem
921 2281 961 2343 ?)
993 2284 1263 2328 suscensui.
1333 2279 1543 2344 Semper
1574 2284 1709 2327 enim
1738 2297 1920 2328 causae

431 2369 727 2411 eventorum
758 2364 918 2425 magis
949 2367 1155 2408 movent
1187 2377 1338 2424 quam
1370 2363 1478 2424 ipsa
1509 2367 1707 2407 eventa.
1778 2360 1919 2408 Haec

431 2446 586 2507 igitur
611 2441 743 2489 mala
771 2442 973 2505 (quibus
999 2443 1190 2488 maiora
1217 2457 1326 2488 esse
1354 2456 1484 2504 quae
1512 2447 1723 2503 possunt
1738 2440 1778 2504 ?)
1805 2457 1918 2488 eon-

431 2523 671 2577 siderans‚
702 2521 779 2568 vel
809 2524 977 2584 potius
1006 2520 1230 2568 iudicans
1261 2523 1367 2567 eius
1397 2536 1551 2584 opera
1580 2519 1835 2575 accidisse,
1865 2528 1919 2567 et

430 2603 594 2666 culpa,
632 2604 874 2649 inimicior
911 2617 1048 2649 eram
1086 2600 1201 2648 huic
1239 2617 1389 2665 quam
1428 2602 1519 2664 ipsi
1559 2599 1774 2648 Caesari.
1846 2599 1918 2650 Ut

434 2707 519 2751 190
