1988 3008
108 1370 204 1418 Ser.
226 1369 273 1417 in

106 1437 350 1485 Formiano

115 1503 240 1556 VIII
270 1504 329 1550 K.

108 1571 255 1618 Mart.
284 1578 386 1618 ante

109 1639 248 1685 lucem
271 1655 315 1685 a.

108 1707 200 1756 705

731 235 1012 284 MARCUS
1055 234 1353 283 TULLIUS
1399 234 1650 283 CICERO

452 366 756 422 cohortibus,
781 381 995 412 summa
1038 371 1211 411 autem
1254 363 1519 411 Afranium
1562 381 1677 411 cum
1734 367 1930 430 magnis

454 436 606 498 copiis
635 433 924 480 adventare.
994 431 1054 479 Id
1080 434 1120 478 si
1149 438 1243 487 est,
1270 434 1322 478 in
1350 430 1498 478 Italia
1524 430 1735 479 fortasse
1762 448 1933 479 mane-

453 502 605 548 bitur.
672 499 782 564 Ego
804 506 993 555 autem,
1013 515 1128 546 cum
1150 505 1285 546 esset
1303 500 1552 545 incertum
1572 501 1670 545 iter
1691 498 1934 555 Caesaris,

455 567 589 631 quod
621 566 701 614 vel
732 566 797 613 ad
829 565 1054 630 Capuam
1086 565 1166 613 vel
1198 565 1264 612 ad
1296 564 1560 612 Luceriam
1592 567 1751 612 iturus
1783 572 1930 629 puta-

454 635 621 689 batur,
651 633 868 697 Leptam
896 635 1007 680 misi
1036 632 1102 680 ad
1130 630 1426 696 Pompeium
1455 638 1509 680 et
1536 632 1761 688 litteras,
1806 634 1935 696 ipse,

455 717 518 748 ne
544 717 642 763 quo
664 700 953 757 inciderem,
975 702 1162 747 reverti
1185 698 1421 746 Formias.

519 767 660 814 Haec
699 773 752 814 te
797 769 921 814 scire
965 765 1095 813 volui
1140 769 1411 829 scripsique
1456 765 1705 813 sedatiore
1750 767 1933 822 animo,

454 850 605 897 quam
650 835 876 897 proxime
917 835 1228 897 scripseram,
1262 833 1454 880 nullum
1488 849 1659 880 meum
1693 832 1933 880 iudicium

453 903 794 965 interponens,
818 900 908 947 sed
931 903 1198 964 exquirens
1221 906 1382 947 tuum.

1157 1151 1227 1198 IV

934 1274 1107 1305 CICERO
1142 1274 1314 1305 ATTICO
1349 1274 1446 1305 SAL.

517 1368 787 1432 Dionysius
818 1366 1022 1431 quidem
1050 1373 1168 1413 tuus
1198 1369 1365 1429 potius
1396 1383 1547 1429 quam
1578 1373 1765 1423 noster,
1795 1369 1934 1414 cuius

456 1451 550 1499 ego
585 1451 699 1481 cum
734 1436 854 1481 satis
889 1450 1183 1497 cognossem
1217 1450 1398 1490 mores,
1433 1440 1522 1480 tuo
1557 1440 1731 1481 tamen
1766 1436 1934 1497 potius

455 1503 653 1549 stabam
677 1501 859 1547 iudicio
885 1517 1036 1563 quam
1061 1517 1193 1556 meo,
1219 1517 1282 1547 ne
1309 1503 1384 1547 tui
1411 1501 1614 1563 quidem
1640 1503 1935 1557 testimonii,

456 1568 590 1632 quod
612 1571 657 1614 ei
678 1583 828 1630 saepe
851 1567 985 1630 apud
1005 1583 1087 1613 me
1109 1567 1338 1623 dederas,
1360 1570 1565 1624 veritus,
1587 1568 1859 1630 superbum
1879 1583 1933 1615 se

455 1636 689 1699 praebuit
703 1637 755 1680 in
770 1633 990 1690 fortuna,
1007 1650 1158 1697 quam
1174 1636 1373 1696 putavit
1390 1641 1610 1680 nostram
1627 1633 1734 1682 fore
1750 1649 1762 1690 3
1795 1637 1935 1682 cuius

455 1701 687 1749 fortunae
712 1717 818 1758 nos,
843 1707 1089 1764 quantum
1112 1700 1332 1747 humano
1355 1700 1557 1748 consilio
1581 1701 1707 1749 effici
1729 1704 1935 1765 poterit,

455 1776 651 1816 motum
703 1770 898 1815 ratione
953 1767 1172 1831 quadam
1225 1768 1632 1832 gubernabimus.
1701 1767 1793 1815 Cui
1848 1771 1933 1832 qui

456 1843 626 1882 noster
644 1834 818 1891 honos,
839 1834 974 1898 quod
993 1835 1306 1898 obsequium,
1328 1851 1458 1898 quae
1480 1838 1635 1882 etiam
1656 1835 1721 1883 ad
1739 1842 1934 1883 ceteros

455 1905 735 1965 contempti
751 1901 1009 1949 cuiusdam
1026 1900 1238 1948 hominis
1257 1901 1627 1949 commendatio
1645 1901 1842 1950 defuit?
1878 1909 1936 1949 ut

455 1986 624 2016 meum
649 1969 887 2016 iudicium
911 1967 1212 2032 reprehendi
1237 1986 1267 2014 a
1292 1968 1482 2027 Quinto
1507 1967 1662 2016 fratre
1688 1969 1935 2033 volgoque

457 2038 521 2082 ab
538 2037 766 2083 omnibus
782 2035 984 2082 mallem
1001 2052 1152 2098 quam
1169 2035 1307 2082 illum
1325 2052 1423 2082 non
1443 2035 1670 2083 efferrem
1687 2035 1934 2092 laudibus,

457 2103 822 2166 Ciceronesque
863 2109 1057 2149 nostros
1098 2119 1212 2149 meo
1253 2105 1420 2165 potius
1461 2102 1631 2149 labore
1673 2103 1936 2150 subdoceri

457 2187 608 2233 quam
624 2186 706 2216 me
724 2169 874 2216 alium
891 2172 949 2216 iis
966 2172 1262 2233 magistrum
1281 2185 1523 2232 quaerere
1540 2184 1552 2224 ;
1587 2169 1652 2216 ad
1669 2185 1820 2232 quern
1838 2186 1934 2234 ego

456 2253 579 2299 quas
627 2236 839 2291 litteras,
887 2236 969 2282 dei
1016 2236 1342 2292 immortales,
1388 2239 1640 2292 miseram,
1687 2243 1934 2299 quantum

454 2302 653 2349 honoris
674 2303 1030 2366 significantes,
1052 2310 1298 2366 quantum
1320 2303 1525 2349 amoris!
1568 2302 1935 2350 Dicaearchum

454 2369 738 2416 mehercule
757 2376 846 2416 aut
862 2370 1221 2416 Aristoxenum
1238 2370 1429 2416 diceres
1447 2373 1645 2426 arcessi,
1661 2386 1762 2416 non
1778 2386 1934 2417 unum

455 2435 708 2482 hominem
725 2439 945 2482 omnium
962 2436 1366 2499 loquacissimum
1383 2443 1436 2483 et
1452 2439 1657 2483 minime
1675 2443 1851 2499 aptum
1869 2435 1933 2484 ad

455 2503 750 2549 docendum.
814 2501 914 2549 Sed
945 2509 1023 2549 est
1053 2506 1294 2549 memoria
1324 2504 1470 2550 bona.
1536 2502 1625 2550 Me
1657 2503 1793 2550 dicet
1825 2519 1933 2550 esse

453 2569 672 2616 meliore.
723 2569 916 2627 Quibus
940 2569 1122 2616 litteris
1145 2572 1219 2616 ita
1241 2570 1501 2633 respondit
1525 2577 1583 2616 ut
1608 2586 1703 2634 ego
1727 2572 1933 2624 nemini,

458 2673 542 2715 114
