1942 3022
693 199 976 248 MARCUS
1020 197 1320 246 TULLIUS
1365 196 1615 245 CICERO

413 331 529 386 Sed,
563 333 800 394 quoniam
831 345 910 375 res
944 344 1004 375 eo
1037 326 1259 374 deducta
1291 333 1386 382 est,
1419 341 1519 372 non
1552 340 1808 388 quaeram,
1841 330 1900 371 ut

414 409 614 454 scribis:

763 475 867 518 Ποῦ
890 472 1075 532 σκάφος
1097 470 1150 517 τὸ
1173 473 1262 517 τῶν
1284 467 1555 529 Ἀτρειδῶν;

415 582 536 630 mihi
552 583 737 642 σκάφος
759 598 915 628 unum
931 583 1045 636 erit,
1062 578 1198 643 quod
1219 595 1248 624 a
1264 577 1505 641 Pompeio
1520 577 1900 641 gubernabitur.

417 660 547 706 Illud
571 661 736 722 ipsum
763 657 899 721 quod
925 659 1023 703 ais:
1068 654 1096 671 ‘⁴
1121 654 1258 714 Quid
1284 654 1390 711 fiet,
1416 671 1532 701 cum
1558 657 1655 701 erit
1681 653 1904 701 dictum:

417 737 533 791 D1c,
573 735 646 781 M.
684 734 868 780 TvLm?
894 731 1228 793 ”-σύντομαι
1279 729 1306 747 “
1332 730 1421 777 CN.
1462 728 1691 776 Pompmo
1727 745 1906 776 ADSEN-

416 810 586 858 TIOR.’'
655 811 827 874 Ipsum
857 818 1033 857 tamen
1064 807 1360 871 Pompeium
1391 809 1666 870 separatim
1696 806 1762 853 ad
1790 823 1906 853 con-

416 888 638 935 cordiam
658 886 911 933 hortabor.
981 885 1060 931 Sic
1084 887 1219 931 enim
1241 887 1422 940 sentio,
1443 899 1682 930 maxumo
1702 885 1755 929 in
1775 885 1907 946 peri-

416 964 527 1011 culo
555 981 663 1010 rem
692 979 815 1010 esse.
884 962 984 1008 Vos
1012 961 1203 1008 scilicet
1231 960 1391 1024 plura,
1421 963 1507 1023 qui
1533 963 1585 1006 in
1613 960 1738 1006 urbe
1768 962 1905 1007 estis.

418 1041 605 1086 Verum
636 1048 810 1086 tamen
841 1037 967 1085 haec
999 1038 1162 1093 video,
1193 1054 1308 1084 cum
1340 1036 1542 1083 homine
1575 1036 1907 1083 audacissimo

417 1119 833 1179 paratissimoque
893 1117 1155 1178 negotium
1215 1129 1341 1170 esse,
1391 1129 1565 1159 omnes
1624 1112 1906 1168 damnatos,

418 1209 591 1239 omnes
621 1194 895 1255 ignominia
927 1190 1172 1246 adfectos,
1204 1206 1377 1236 omnes
1409 1189 1735 1236 damnatione
1767 1191 1906 1253 igno-

417 1271 672 1331 miniaque
695 1268 872 1331 dignos
893 1267 1005 1314 illae
1021 1266 1206 1322 facere,
1222 1282 1425 1313 omnem
1441 1265 1548 1313 fere
1569 1269 1904 1321 iuventutem,

418 1338 621 1391 omnem
643 1344 780 1390 illam
805 1345 1049 1390 urbanam
1074 1359 1131 1389 ac
1155 1343 1409 1406 perditam
1433 1342 1653 1405 plebem,
1678 1343 1907 1389 tribunos

419 1421 645 1467 valentes
667 1420 841 1467 addito
863 1419 917 1466 C.
942 1419 1129 1475 Cassio,
1151 1436 1341 1475 omnes,
1364 1422 1449 1482 qui
1472 1435 1588 1466 aere
1611 1418 1775 1466 alieno
1797 1434 1908 1482 pre-

419 1505 638 1553 mantur,
675 1496 811 1559 quod
846 1496 999 1559 pluris
1038 1512 1147 1543 esse
1184 1495 1444 1559 intellego,
1482 1512 1635 1558 quam
1671 1503 1907 1558 putaram

421 1574 643 1634 (causam
682 1572 841 1619 solum
878 1572 962 1618 illa
999 1588 1150 1618 eausa
1188 1589 1288 1618 non
1325 1571 1499 1627 habet,
1537 1574 1721 1618 ceteris
1759 1572 1908 1618 rebus

420 1649 683 1710 abundat),
717 1648 797 1695 hic
830 1652 997 1695 omnia
1030 1648 1196 1695 facere
1230 1665 1420 1704 omnes,
1455 1665 1519 1694 ne
1554 1651 1703 1694 armis
1737 1648 1910 1695 decer-

420 1733 597 1779 natur3
660 1741 871 1787 quorum
918 1728 1083 1772 exitus
1129 1741 1328 1787 semper
1372 1727 1569 1780 incerti,
1615 1741 1746 1771 nunc
1792 1741 1910 1772 vero

421 1804 576 1848 etiam
597 1803 649 1846 in
670 1801 882 1847 alteram
903 1809 1102 1864 partem
1125 1804 1284 1864 magis
1306 1801 1534 1848 timendi.

484 1877 688 1923 Bibulus
716 1877 780 1923 de
807 1881 1060 1940 provincia
1087 1877 1321 1934 decessit,
1349 1878 1685 1925 Veientonem
1713 1877 1909 1941 praefe-

421 1957 518 2008 cit3
555 1956 606 1999 in
625 1953 918 2000 decedendo
939 1957 1052 2010 erit,
1073 1961 1130 2001 ut
1150 1954 1316 2009 audio,
1335 1954 1539 2001 tardior.
1609 1953 1776 2012 Quem
1795 1972 1911 2002 cum

421 2033 615 2076 ornavit
641 2029 784 2085 Cato,
809 2030 1083 2076 declaravit
1108 2033 1166 2076 iis
1191 2048 1244 2077 se
1271 2030 1384 2077 solis
1410 2048 1510 2077 non
1534 2031 1777 2086 invidere,
1802 2034 1910 2094 qui-

421 2107 514 2152 bus
561 2105 681 2151 nihil
729 2113 817 2152 aut
864 2123 961 2153 non
1011 2107 1225 2153 multum
1274 2107 1338 2153 ad
1384 2107 1689 2171 dignitatem
1737 2115 1911 2171 posset

423 2183 677 2229 accedere.

488 2259 631 2304 Nunc
667 2261 811 2305 venio
849 2259 912 2305 ad
948 2263 1170 2322 privata3
1226 2260 1332 2307 fere
1370 2264 1504 2307 enim
1540 2260 1774 2323 respondi
1810 2265 1910 2308 tuis

424 2334 606 2380 litteris
630 2335 693 2381 de
716 2351 769 2381 re
794 2335 1011 2398 publica,
1036 2343 1088 2382 et
1112 2339 1187 2393 iis,
1211 2353 1335 2400 quas
1359 2340 1410 2382 in
1432 2338 1737 2392 suburbano,
1761 2344 1814 2384 et
1836 2340 1911 2394 iis,

424 2427 547 2472 quas
593 2418 770 2472 postea
815 2415 1069 2474 scripsisti.
1141 2413 1221 2458 Ad
1267 2416 1463 2475 privata
1511 2416 1669 2460 venio.
1740 2413 1912 2460 Unum

425 2489 579 2532 etiam
610 2487 672 2534 de
705 2487 887 2535 Caelio.
956 2489 1175 2536 Tantum
1207 2491 1368 2547 abest,
1400 2497 1457 2536 ut
1488 2506 1656 2536 meam
1686 2489 1768 2536 ille
1799 2506 1908 2537 sen-

427 2588 483 2631 24
