2014 3008
710 219 995 268 MARCUS
1039 221 1342 270 TULLIUS
1389 223 1641 272 CICERO

434 355 604 412 potest
642 347 779 406 mali,
819 366 919 412 quo
959 366 1059 397 non
1098 367 1294 415 urgear.
1369 351 1554 398 Omnia
1591 359 1766 401 tamen
1805 361 1924 403 sunt

427 442 652 489 faciliora
681 459 834 506 quam
862 446 1062 507 peccati
1091 443 1248 501 dolor,
1278 447 1364 508 qui
1396 452 1449 492 et
1478 449 1728 494 maximus
1760 455 1839 495 est
1868 456 1923 497 et

427 543 679 583 aeternus.
754 536 906 584 Cuius
943 540 1143 601 peccati
1181 541 1221 585 si
1259 541 1418 586 socios
1457 555 1624 587 essem
1660 539 1924 590 habiturus

428 647 540 694 ego,
575 647 699 693 quos
732 634 925 694 putavi,
958 637 1134 678 tamen
1167 639 1303 679 esset
1336 649 1398 679 ea
1429 633 1703 682 consolatio
1735 638 1918 683 tenuis.

426 723 528 771 Sed
560 723 719 771 habet
754 724 964 771 aliorum
999 728 1222 773 omnium
1255 729 1385 773 ratio
1420 730 1632 785 exitum,
1666 745 1782 776 mea
1815 729 1921 776 nul-

426 817 544 875 lum.
602 818 702 864 Alii
723 821 879 882 capti,
902 818 985 865 alii
1006 819 1264 866 interclusi
1286 836 1387 867 non
1409 823 1619 868 veniunt
1639 824 1692 868 in
1714 822 1922 870 dubium

426 912 490 959 de
524 912 802 968 voluntate,
836 929 896 959 eo
928 915 1092 960 minus
1124 913 1333 970 scilicet,
1366 931 1482 961 cum
1514 931 1568 962 se
1602 916 1922 980 expedierint

427 1013 481 1053 et
507 1023 606 1052 una
632 1023 740 1053 esse
765 1009 1041 1070 coeperint.
1100 1007 1162 1053 Ei
1187 1015 1362 1054 autem
1386 1011 1496 1072 ipsi,
1524 1012 1610 1073 qui
1635 1026 1726 1057 sua
1752 1010 1923 1058 volun-

425 1107 536 1147 tate
575 1100 639 1147 ad
678 1100 875 1147 Fufium
913 1108 1178 1158 venerunt,
1216 1101 1338 1148 nihil
1375 1110 1586 1166 possunt
1623 1106 1716 1150 nisi
1754 1104 1923 1152 timidi

428 1197 718 1241 existimari.
777 1193 931 1241 Multi
954 1201 1128 1242 autem
1147 1203 1282 1252 sunt,
1305 1199 1408 1259 qui,
1430 1213 1749 1261 quocumque
1770 1198 1923 1246 modo

428 1289 492 1335 ad
522 1288 628 1335 illos
660 1304 713 1335 se
744 1291 969 1352 recipere
999 1288 1187 1346 volent,
1217 1292 1539 1353 recipientur.
1609 1290 1723 1350 Quo
1755 1295 1919 1339 minus

427 1383 583 1429 debes
624 1385 790 1429 mirari
832 1399 932 1430 non
972 1399 1117 1446 posse
1158 1400 1240 1430 me
1281 1390 1428 1431 tanto
1470 1384 1626 1432 dolori
1667 1388 1920 1434 resistere.

427 1476 587 1523 Solius
624 1479 759 1523 enim
793 1493 965 1524 meum
1000 1473 1274 1541 peccatum
1308 1481 1490 1543 corrigi
1528 1495 1628 1526 non
1664 1482 1836 1543 potest
1871 1487 1926 1528 et

428 1570 640 1617 fortasse
688 1569 841 1617 Laeli.
911 1570 1012 1618 Sed
1056 1571 1175 1635 quid
1221 1588 1303 1618 me
1347 1571 1399 1618 id
1443 1570 1613 1619 levat?
1692 1573 1822 1620 Nam
1866 1573 1920 1621 O.

427 1664 632 1727 quidem
703 1664 928 1711 Cassium
998 1667 1139 1711 aiunt
1209 1665 1476 1712 consilium
1547 1666 1922 1714 Alexandream

429 1758 579 1805 eundi
605 1762 891 1805 mutavisse.

494 1852 636 1899 Haec
658 1852 722 1899 ad
744 1859 797 1899 te
819 1853 998 1909 scribo,
1022 1870 1121 1899 non
1144 1860 1200 1900 ut
1223 1870 1378 1917 queas
1400 1861 1458 1901 tu
1480 1854 1685 1902 demere
1705 1853 1724 1884 ¹
1749 1854 1926 1903 sollici-

429 1946 676 2003 tudinem,
702 1946 792 1993 sed
817 1953 874 1992 ut
898 1963 1215 2010 cognoscam,
1242 1948 1423 2011 ecquid
1448 1955 1506 1995 tu
1532 1948 1597 1995 ad
1621 1964 1683 1995 ea
1708 1948 1925 2007 adferas,

429 2057 559 2104 quae
580 2057 661 2087 me
682 2040 982 2095 conficiunt;
1021 2041 1086 2087 ad
1107 2057 1237 2104 quae
1258 2057 1417 2105 gener
1438 2042 1636 2089 accedit
1659 2049 1713 2090 et
1734 2050 1924 2101 cetera,

430 2151 560 2197 quae
587 2133 713 2181 fletu
737 2137 980 2198 reprimor
1006 2151 1070 2182 ne
1096 2136 1326 2181 scribam.
1388 2134 1522 2194 Quin
1550 2139 1706 2183 etiam
1733 2136 1921 2201 Aesopi

431 2228 558 2275 filius
597 2245 678 2274 me
719 2231 989 2275 excruciat.
1064 2226 1268 2276 Prorsus
1307 2228 1427 2274 nihil
1469 2230 1630 2285 abest,
1671 2232 1793 2293 quin
1831 2233 1924 2277 sim

430 2324 750 2368 miserrimus.
825 2321 925 2369 Sed
965 2322 1029 2369 ad
1068 2325 1287 2386 primum
1325 2330 1567 2379 revertor,
1608 2323 1729 2386 quid
1768 2331 1916 2387 putes

432 2414 735 2472 faciendum,
772 2415 1036 2463 occultene
1073 2416 1240 2480 aliquo
1278 2419 1478 2480 propius
1516 2417 1822 2464 veniendum
1859 2433 1922 2464 an

525 2545 542 2570 ²
571 2558 702 2597 queas
717 2549 768 2585 tu
784 2546 954 2586 demere
971 2546 1020 2585 M
1037 2546 1239 2598 (maryin)
1257 2560 1271 2588 .·
1305 2559 1433 2598 quem
1449 2550 1572 2586 tuam
1587 2546 1757 2586 demere
1774 2547 1839 2587 M.

432 2624 520 2683 398
