2014 3008
739 227 1022 276 MARCUS
1066 226 1367 276 TULLIUS
1412 226 1664 275 CICERO

1139 437 1262 485 XIV

943 551 1117 583 CICERO
1152 551 1327 582 ATTICO
1362 551 1459 583 SAL.

106 632 437 747 δῖον-,Βιζῗηὶἐὶεἱ
523 634 637 681 Non
668 650 750 681 me
784 632 993 680 offendit
1024 636 1208 680 veritas
1241 633 1526 680 litterarum
1558 639 1778 688 tuarum,
1812 631 1946 696 quod

104 717 209 747 czrc.
384 737 393 746 .

106 766 232 814 Mai.
256 784 299 814 a.
326 769 419 818 707

459 738 541 769 me
562 738 677 768 cum
696 722 1043 768 communibus
1063 727 1174 767 tum
1193 723 1473 783 praecipuis
1493 719 1636 767 malis
1656 737 1949 784 oppressum

461 826 525 856 ne
552 811 729 872 incipis
757 808 981 871 quidem,
1009 814 1065 853 ut
1091 806 1303 863 solebas,
1329 806 1571 854 consolari
1597 805 1873 870 faterisque
1898 806 1949 852 id

463 896 569 943 fieri
600 898 700 941 iam
730 911 831 942 non
858 911 1018 958 posse.
1090 894 1196 941 Nec
1226 896 1360 941 enim
1391 910 1452 940 ea
1481 900 1615 951 sunt,
1645 910 1775 957 quae
1807 900 1950 940 erant

462 990 631 1038 antea,
648 999 782 1038 cum,
799 988 858 1028 ut
875 980 997 1027 nihil
1016 980 1169 1038 aliud,
1185 984 1397 1028 comites
1415 997 1496 1027 me
1517 987 1570 1027 et
1587 982 1744 1028 socios
1762 979 1951 1027 habere

461 1070 721 1134 putabam.
770 1068 960 1116 Omnes
975 1070 1110 1115 enim
1124 1066 1331 1114 Achaici
1346 1067 1701 1130 deprecatores
1715 1069 1945 1130 itemque

461 1160 513 1203 in
537 1157 674 1213 Asia,
699 1156 879 1220 quibus
903 1171 1004 1202 non
1027 1161 1138 1202 erat
1161 1158 1409 1219 ignotum,
1434 1157 1590 1201 etiam
1614 1155 1794 1218 quibus
1821 1160 1949 1209 erat,

463 1247 513 1290 in
537 1242 759 1290 Africam
781 1242 1017 1289 dicuntur
1038 1244 1336 1306 navigaturi.
1395 1241 1477 1288 Ita
1498 1248 1701 1304 praeter
1724 1240 1952 1287 Laelium

463 1334 717 1378 neminem
743 1329 906 1376 habeo
932 1328 1109 1393 culpae
1136 1331 1352 1384 socium3
1379 1331 1464 1391 qui
1490 1335 1665 1375 tamen
1690 1326 1784 1374 hoc
1810 1327 1949 1375 meli-

463 1435 547 1465 ore
566 1421 618 1463 in
633 1434 785 1464 causa
803 1424 898 1472 est,
917 1416 1053 1480 quod
1068 1418 1169 1462 iam
1189 1422 1266 1462 est
1283 1422 1534 1478 receptus,
1576 1415 1656 1461 De
1675 1431 1758 1461 me
1777 1421 1951 1461 autem

463 1522 562 1551 non
586 1504 764 1551 dubito
788 1506 908 1567 quin
932 1503 997 1550 ad
1019 1502 1233 1549 Balbum
1257 1509 1310 1549 et
1335 1502 1399 1549 ad
1423 1501 1646 1565 Oppium
1668 1504 1952 1565 scripserit3

464 1610 494 1639 a
523 1592 720 1655 quibus,
750 1593 790 1637 si
821 1589 942 1654 quid
972 1597 1106 1636 esset
1135 1589 1333 1645 laetius,
1363 1592 1546 1636 certior
1575 1587 1739 1635 factus
1770 1604 1949 1643 essem,

463 1686 634 1726 tecum
671 1680 828 1725 etiam
864 1683 1033 1724 essent
1070 1675 1238 1723 locuti.
1311 1675 1624 1734 Quibuscum
1661 1682 1718 1722 tu
1756 1674 1820 1722 de
1858 1673 1953 1722 hoc

464 1769 571 1829 ipso
598 1764 900 1827 conloquare
927 1763 1077 1810 velim
1106 1770 1160 1810 et
1189 1762 1253 1810 ad
1281 1779 1380 1818 me,
1410 1762 1531 1826 quid
1557 1762 1652 1809 tibi
1681 1761 1951 1824 responde-

464 1855 581 1908 rint,
612 1853 815 1907 scribas,
846 1867 946 1898 non
978 1850 1113 1914 quod
1144 1851 1207 1896 ab
1237 1852 1334 1896 isto
1366 1848 1497 1896 salus
1529 1848 1652 1895 data
1684 1851 1955 1912 quicquam

465 1938 700 1986 habitura
722 1941 788 1985 sit
810 1937 1146 1991 firmitudinis,
1170 1936 1260 1983 sed
1281 1943 1456 1983 tamen
1479 1934 1668 1999 aliquid
1689 1935 1878 1982 consuli
1903 1942 1956 1982 et

465 2027 679 2089 prospici
714 2027 919 2088 poterit.
989 2023 1098 2071 Etsi
1137 2027 1360 2071 omnium
1396 2029 1724 2086 conspectum
1759 2020 1953 2078 horreo,

466 2114 763 2177 praesertim
794 2110 887 2159 hoc
919 2127 1124 2176 genero,
1156 2117 1347 2165 tamen,
1380 2111 1431 2155 in
1464 2111 1623 2156 tantis
1654 2108 1799 2155 malis
1834 2107 1957 2172 quid

466 2199 602 2246 aliud
630 2198 796 2254 velim,
826 2215 927 2245 non
954 2199 1164 2261 reperio.
1229 2196 1447 2255 Quintus
1478 2198 1661 2260 pergit,
1693 2202 1750 2242 ut
1779 2194 1845 2242 ad
1874 2211 1957 2243 me

467 2293 521 2333 et
539 2284 701 2332 Pansa
716 2287 913 2348 scripsit
929 2291 984 2332 et
1001 2283 1213 2339 Hirtius,
1230 2286 1372 2346 isque
1389 2285 1514 2330 item
1531 2281 1759 2329 Africam
1775 2288 1955 2345 petere

466 2390 581 2420 cum
601 2374 782 2419 ceteris
802 2371 998 2418 dicitur.
1036 2370 1119 2417 Ad
1142 2368 1422 2416 Minucium
1442 2368 1720 2415 Tarentum
1739 2369 1958 2415 scribam

468 2466 522 2506 et
556 2466 669 2505 tuas
704 2457 898 2505 litteras
934 2460 1163 2511 mittam3
1217 2455 1282 2503 ad
1316 2463 1370 2502 te
1405 2456 1637 2510 scribam,
1674 2471 1795 2501 num
1833 2453 1955 2517 quid

469 2548 673 2609 egerim.
745 2543 828 2590 HS
876 2552 971 2589 Xx‘x
1016 2546 1238 2608 potuisse
1282 2545 1506 2600 mirarer,
1553 2544 1643 2588 nisi
1691 2539 1851 2588 multa
1895 2540 1959 2587 de

469 2648 558 2694 394
