1988 3008
696 217 978 265 MARCUS
1023 217 1324 265 TULLIUS
1369 217 1620 266 CICERO

413 346 560 394 Curio
581 350 794 411 scripsit.
857 345 1087 402 Utinam,
1110 346 1245 409 quod
1267 349 1427 403 aiunt,
1451 346 1605 393 Cotta
1625 346 1905 394 Sardiniam

411 425 614 470 teneat!
674 431 751 470 est
791 426 925 470 enim
962 440 1144 470 rumor.
1215 422 1278 479 O,
1317 425 1356 470 si
1394 423 1447 470 id
1486 422 1658 480 fuerit,
1698 431 1905 488 turpem

412 500 684 547 Catonem!

476 577 602 642 Ego,
623 585 680 624 ut
700 580 981 624 minuerem
1000 580 1336 641 suspicionem
1355 577 1682 641 profectionis
1703 584 1796 625 aut
1814 595 1894 625 co-

411 657 671 718 gitationis
696 671 859 711 meae,
885 654 1142 718 profectus
1169 672 1280 701 sum
1305 657 1356 701 in
1383 653 1751 719 Pompeianum
1778 672 1822 702 a.
1853 655 1901 704 d.

412 747 491 777 1111
513 731 648 787 Idus,
666 738 723 778 ut
740 732 807 778 ibi
827 748 1006 787 essem,
1024 731 1161 787 dum,
1180 748 1311 795 quae
1330 731 1395 778 ad
1412 731 1755 796 navigandum
1773 749 1900 797 opus

412 815 598 865 essent,
614 815 927 872 pararentur.
969 807 1097 855 Cum
1114 808 1178 855 ad
1194 808 1362 855 villam
1378 811 1645 865 venissem,
1660 808 1901 856 relatum1

411 893 488 932 est
519 885 584 932 ad
613 902 695 932 me
725 887 1043 932 centuriones
1075 888 1230 932 trium
1259 884 1559 941 cohortium,
1591 902 1723 949 quae
1757 883 1904 933 Pom-

411 964 535 1026 peiis
552 969 686 1018 sunt,
704 978 786 1009 me
804 961 930 1009 velle
947 962 1190 1025 postridie
1207 965 1490 1010 convenire.
1545 961 1686 1010 Haec
1703 979 1904 1010 mecum

413 1039 624 1085 Ninnius
646 1045 834 1094 noster,
857 1038 985 1085 velle
1009 1055 1093 1086 eos
1116 1038 1239 1085 mihi
1261 1055 1315 1086 se
1339 1045 1392 1086 et
1415 1038 1658 1103 oppidum
1681 1039 1902 1087 tradere.

411 1117 482 1163 At
502 1133 597 1180 ego
617 1117 717 1162 abii
735 1116 979 1179 postridie
999 1133 1028 1162 a
1047 1115 1162 1162 villa
1180 1123 1301 1163 ante
1322 1115 1503 1173 lucem,
1522 1123 1580 1163 ut
1598 1133 1681 1163 me
1700 1119 1904 1164 omnino

410 1192 478 1238 illi
498 1210 562 1240 ne
582 1192 826 1240 viderent.
884 1192 1021 1251 Quid
1040 1195 1175 1239 enim
1195 1200 1305 1240 erat
1322 1196 1376 1239 in
1394 1194 1557 1240 tribus
1576 1192 1904 1241 cohortibus?

410 1269 548 1333 quid,
573 1272 613 1316 si
637 1269 839 1333 plures?
876 1287 975 1333 quo
1001 1270 1283 1333 apparatu?
1355 1269 1585 1334 Cogitavi
1612 1270 1794 1318 eadem
1818 1270 1903 1318 illa
1938 1312 1942 1318 .

411 1346 664 1403 Caeliana,
694 1363 824 1410 quae
851 1346 953 1411 legi
980 1350 1032 1393 in
1061 1346 1276 1411 epistula
1303 1354 1410 1404 tua,
1440 1364 1592 1411 quam
1621 1350 1810 1412 accepi,
1839 1350 1902 1395 si·

409 1423 514 1470 mul
546 1430 600 1471 et
631 1426 682 1470 in
716 1423 999 1470 Cumanum
1032 1427 1143 1471 veni
1179 1424 1359 1471 eodem
1391 1424 1492 1481 die,
1526 1431 1580 1472 et
1612 1424 1758 1471 simul
1793 1424 1899 1472 fieri
1954 1431 1956 1434 ’

410 1508 629 1566 poterat,
647 1508 705 1548 ut
721 1508 1104 1564 temptaremur.
1157 1500 1376 1548 Omnem
1393 1504 1548 1565 igitur
1565 1504 1905 1565 suspicionem

410 1577 601 1625 sustuli.
671 1577 788 1635 Sed,
820 1577 941 1625 dum
972 1578 1142 1634 redeo,
1175 1578 1474 1626 Hortensius
1507 1586 1717 1626 venerat
1749 1585 1803 1625 et
1835 1577 1900 1626 ad

409 1654 701 1702 Terentiam
719 1654 996 1702 salutatum
1015 1655 1321 1702 deverterat.
1391 1654 1632 1703 Sermone
1653 1662 1764 1703 erat
1784 1672 1899 1703 usus

410 1731 680 1779 honorifico
698 1749 819 1796 erga
835 1749 932 1779 me.
1005 1732 1113 1779 Iam
1131 1749 1265 1789 eum,
1283 1739 1341 1780 ut
1358 1740 1500 1796 puto,
1519 1732 1700 1780 videbo
1716 1748 1728 1788 ;
1763 1735 1898 1780 misit

411 1812 545 1855 enim
571 1826 785 1873 puerum
811 1826 865 1856 se
892 1809 957 1856 ad
983 1826 1065 1856 me
1093 1813 1276 1856 venire.
1350 1809 1458 1856 Hoc
1486 1810 1692 1874 quidem
1718 1809 1895 1857 melius

410 1903 562 1949 quam
600 1886 794 1950 collega
831 1894 1002 1933 noster
1042 1887 1309 1943 Antonius,
1348 1889 1487 1933 cuius
1527 1889 1658 1934 inter
1697 1886 1895 1934 lictores

410 1962 592 2010 lectica
616 1966 771 2010 mima
795 1971 1041 2027 portatur.

472 2041 565 2097 Tu,
605 2043 843 2104 quoniam
882 2048 1129 2104 quartana
1167 2058 1306 2088 cares
1348 2048 1401 2088 et
1440 2058 1624 2088 novum
1665 2042 1894 2089 morbum

410 2120 682 2173 removisti,
706 2117 796 2164 sed
820 2120 976 2164 etiam
999 2118 1344 2182 gravedinem,
1367 2126 1523 2182 teque
1551 2126 1788 2182 vegetum
1812 2135 1897 2166 no·

409 2196 484 2242 bis
508 2197 558 2240 in
584 2194 796 2241 Graecia
820 2198 940 2241 siste
966 2202 1019 2241 et
1042 2194 1327 2241 litterarum
1353 2194 1540 2258 aliquid
1565 2198 1777 2242 interea.

756 2311 772 2335 ²
800 2311 986 2350 relatum
1006 2311 1054 2350 M
1058 2311 1159 2351 ‘aller
1181 2325 1190 2349 ε
1227 2317 1406 2351 ventum
1424 2311 1554 2351 MSS.

406 2661 497 2706 344
