1988 3008
659 302 661 305 .
722 258 1004 306 MARCUS
1047 257 1348 306 TULLIUS
1394 257 1645 305 CICERO

438 385 665 433 conferre
693 402 895 433 omnem
921 386 1118 432 illorum
1144 393 1431 448 temporum
1457 385 1673 448 culpam.
1737 384 1817 432 Ita
1842 401 1925 432 me

439 461 531 506 sibi
573 459 724 507 fuisse
763 462 1038 515 inimicum,
1077 466 1136 506 ut
1175 475 1239 506 ne
1278 458 1521 506 honorem
1560 458 1765 522 quidem
1806 476 1835 506 a
1873 474 1927 506 se

439 536 666 596 accipere
708 533 904 580 vellem.
981 531 1187 591 Quanto
1227 549 1361 579 nunc
1402 531 1496 578 hoc
1537 532 1673 579 idem
1714 535 1928 595 accipiet

438 606 688 669 asperius!
745 605 910 652 Tanto
933 605 1140 661 scilicet,
1165 612 1357 669 quanto
1381 612 1435 652 et
1459 604 1617 651 honor
1639 603 1719 651 hic
1742 604 1826 651 illo
1851 611 1930 652 est

440 679 651 743 amplior
680 686 734 726 et
761 682 869 743 ipse
898 680 1164 726 robustior.
1229 678 1377 734 Nam,
1407 678 1543 742 quod
1571 694 1728 742 negas
1757 685 1811 725 te
1841 677 1929 725 du-

440 753 621 809 bitare,
655 756 776 817 quin
810 769 997 816 magna
1030 756 1081 799 in
1114 751 1304 799 offensa
1337 755 1430 799 sim
1464 751 1599 815 apud
1633 750 1930 815 Pompeium

440 826 533 873 hoc
551 834 799 890 tempore,
817 843 918 873 non
934 826 1081 873 video
1097 843 1320 882 causam,
1338 842 1426 872 cur
1441 829 1516 872 ita
1532 828 1597 873 sit
1613 825 1706 873 hoc
1725 826 1929 889 quidem

440 907 685 963 tempore.
756 899 855 958 Qui
891 903 1026 947 enim
1062 903 1242 946 amisso
1278 899 1494 946 Corfinio
1529 898 1748 962 denique
1783 902 1929 946 certi-

440 990 578 1021 orem
601 990 683 1021 me
706 977 780 1021 sui
804 974 994 1020 consilii
1017 972 1156 1028 fecit,
1179 976 1219 1020 is
1242 980 1484 1037 queretur
1506 971 1826 1019 Brundisium
1848 989 1930 1020 me

441 1064 541 1094 non
582 1050 794 1104 venisse,
836 1064 951 1094 cum
992 1051 1125 1094 inter
1166 1063 1248 1094 me
1290 1054 1344 1094 et
1385 1045 1704 1094 Brundisium
1747 1046 1931 1094 Caesar

441 1122 610 1169 esset?
673 1121 874 1169 Deinde
905 1124 1061 1168 etiam
1088 1124 1183 1168 scit
1217 1122 1602 1184 ἀπαρρησίαστον
1638 1136 1748 1167 esse
1782 1123 1835 1166 in
1871 1136 1932 1167 ea

439 1211 591 1242 causa
623 1195 882 1259 querelam
916 1212 1073 1242 suam.
1143 1194 1234 1242 Me
1267 1201 1417 1258 putat
1450 1194 1514 1241 de
1547 1196 1931 1257 municipiorum

441 1269 805 1325 imbecillitate,
848 1269 912 1317 de
955 1269 1239 1325 dilectibus,
1282 1268 1346 1315 de
1390 1284 1531 1331 pace,
1575 1267 1639 1315 de
1681 1267 1823 1322 urbe,
1866 1266 1930 1314 de

440 1346 672 1408 pecunia,
700 1343 764 1391 de
794 1342 979 1391 Piceno
1007 1343 1300 1406 occupando
1329 1342 1439 1406 plus
1468 1341 1650 1389 vidisse
1679 1358 1832 1405 quam
1859 1357 1929 1388 se.

441 1415 544 1473 Sin,
561 1433 676 1464 cum
694 1424 925 1480 potuero,
944 1433 1045 1464 non
1063 1433 1265 1472 venero,
1284 1423 1395 1463 tum
1414 1418 1512 1463 erit
1529 1417 1777 1471 inimicus,
1796 1414 1932 1478 quod

440 1506 536 1554 ego
559 1506 659 1537 non
682 1506 742 1537 eo
766 1506 956 1546 vereor,
980 1507 1044 1537 ne
1067 1489 1188 1536 mihi
1212 1496 1394 1536 noceat
1417 1489 1560 1553 (quid
1583 1491 1716 1535 enim
1740 1487 1930 1536 faciet?

616 1589 695 1638 Τίς
718 1586 754 1635 δ’
779 1587 884 1636 ἐστὶ
907 1587 1071 1639 δοῦλος
1093 1590 1176 1635 τοῦ
1201 1588 1354 1636 θανεῖν
1377 1587 1598 1648 ἄφροντις
1621 1587 1681 1634 ὥν
1698 1585 1751 1646 5),

441 1683 530 1731 sed
554 1687 671 1747 quia
693 1686 879 1747 ingrati
904 1686 1057 1730 animi
1079 1685 1269 1730 crimen
1292 1681 1486 1729 horreo.
1545 1681 1754 1728 Confido
1778 1684 1931 1746 igitur

441 1758 716 1805 adventum
755 1764 983 1804 nostrum
1021 1756 1107 1813 illi,
1148 1772 1350 1821 quoquo
1389 1763 1620 1819 tempore
1660 1754 1831 1811 fuerit,
1872 1762 1928 1802 ut

440 1831 629 1888 scribis,
678 1833 960 1894 ἀσμενιστὸν
1010 1830 1131 1877 fore.
1219 1829 1367 1886 Nam,
1419 1829 1555 1893 quod
1613 1832 1701 1884 ais,
1751 1832 1790 1876 si
1850 1827 1931 1875 hic

440 1908 774 1969 temperatius
806 1908 986 1969 egerit,
1017 1904 1380 1952 consideratius
1410 1902 1671 1950 consilium
1701 1909 1755 1950 te
1786 1902 1931 1949 datu-

441 1995 569 2035 rum,
598 1982 682 2043 qui
712 1977 791 2025 hic
819 1985 991 2042 potest
1019 1994 1072 2025 se
1101 1993 1279 2041 gerere
1307 1993 1408 2024 non
1436 1976 1671 2040 perdite?
1738 1975 1931 2023 Vetant

441 2052 582 2109 vita‚¹
611 2069 792 2109 mores,
821 2060 941 2099 ante
970 2051 1122 2107 facta,
1151 2054 1280 2098 ratio
1308 2053 1528 2114 suscepti
1557 2052 1768 2114 negotii,
1795 2051 1930 2106 socii,

441 2129 569 2173 vires
592 2126 837 2173 bonorum
862 2132 951 2172 aut
976 2128 1132 2172 etiam
1156 2126 1455 2172 constantia.

505 2199 725 2246 Vixdum
752 2199 1021 2263 epistulam
1046 2206 1190 2246 tuam
1214 2197 1457 2262 legeram,
1482 2212 1597 2243 cum
1624 2195 1687 2242 ad
1713 2211 1798 2242 me
1824 2211 1930 2242 cur-

441 2289 556 2320 rens
605 2273 671 2320 ad
717 2273 858 2320 illum
908 2271 1176 2320 Postumus
1226 2271 1428 2319 Curtius
1478 2272 1617 2316 venit
1667 2268 1787 2315 nihil
1838 2272 1928 2316 nisi

440 2346 623 2394 classes
662 2346 871 2411 loquens
911 2354 965 2394 et
1004 2348 1271 2393 exercitus.
1343 2344 1606 2407 Eripiebat
1646 2342 1930 2407 Hispanias,

610 2441 627 2465 ²
654 2440 817 2482 Vetant
833 2442 927 2481 vita
942 2442 1098 2482 Purser
1115 2454 1129 2481 :
1162 2441 1256 2480 vita
1274 2439 1406 2479 MSS.
1426 2453 1440 2478 .·
1477 2442 1628 2478 vetant
1647 2437 1761 2479 Boot.

725 2571 742 2596 ¹
769 2570 899 2611 From
916 2584 972 2611 an
990 2571 1207 2611 unknown
1224 2569 1325 2623 play
1343 2569 1388 2610 oi
1406 2568 1646 2620 Euripides.

446 2638 529 2683 182
