1988 3008
690 178 973 226 MARCUS
1018 180 1319 228 TULLIUS
1365 181 1616 231 CICERO

408 306 601 354 horreo.
633 305 784 353 Volet
801 309 953 363 enim,
969 307 1138 364 credo,
1154 307 1202 356 S.
1222 308 1277 356 C.
1295 308 1480 367 facere,
1496 310 1632 359 volet
1649 329 1895 377 augurum

408 393 672 440 decretum
699 393 972 456 (rapiemur
998 401 1087 440 aut
1113 382 1351 443 absentes
1375 398 1709 462 vexabimur),
1734 400 1814 447 vel
1837 407 1896 448 ut

404 479 631 526 consules
681 486 828 543 roget
878 487 1082 542 praetor
1131 480 1210 528 vel
1260 489 1318 529 ut
1368 482 1673 532 dictatorem
1723 485 1889 542 dicat;

407 583 619 629 quorum
673 573 913 613 neutrum
966 569 1043 614 ius
1098 574 1191 614 est.
1261 568 1390 626 Etsi,
1444 572 1486 617 si
1538 569 1678 618 Sulla
1727 575 1896 636 potuit

405 653 620 708 efficere,
653 653 717 699 ab
748 655 1004 718 interrege
1037 660 1096 701 ut
1127 653 1345 702 dictator
1376 656 1629 704 diceretur
1647 657 1666 688 1
1697 675 1786 706 cur
1815 658 1896 707 hic

406 756 506 786 non
535 739 727 802 possit?
795 738 930 786 Nihil
960 741 1194 804 expedio,
1223 744 1315 789 nisi
1345 750 1404 789 ut
1433 751 1522 790 aut
1551 745 1616 791 ab
1644 743 1738 792 hoc
1765 753 1895 793 tam-

406 843 558 889 quam
581 825 642 884 Q.
671 825 871 874 Mucius
894 833 984 874 aut
1006 828 1070 874 ab
1091 827 1176 875 illo
1197 835 1462 893 tamquam
1484 830 1541 877 L.
1566 830 1744 895 Scipio.

468 912 596 959 Cum
643 920 700 959 tu
749 912 875 960 haec
921 913 1078 978 leges,
1126 931 1221 979 ego
1268 915 1411 963 illum
1456 915 1670 965 fortasse
1716 935 1894 967 conve-

403 1016 540 1046 nero.
607 1001 822 1048 Τέτλαθι.
891 1003 1126 1064 Κύντερον
1161 1018 1226 1048 ne
1264 1002 1387 1049 illud
1426 1004 1631 1067 quidem
1667 1012 1894 1054 nostrum

404 1089 675 1150 proprium.
745 1086 870 1133 Erat
909 1090 1042 1134 enim
1081 1104 1194 1151 spes
1231 1092 1498 1153 propinqui
1534 1091 1745 1148 reditus,
1783 1100 1894 1141 erat

404 1172 664 1220 hominum
707 1173 928 1237 querela.
999 1174 1144 1221 Nunc
1189 1178 1327 1223 exire
1371 1180 1618 1240 cupimuS,
1662 1195 1762 1242 qua
1804 1196 1893 1243 spe

405 1260 615 1316 reditus,
655 1259 775 1306 mihi
818 1260 1023 1324 quidem
1064 1278 1341 1326 numquam
1380 1266 1431 1309 in
1470 1271 1698 1312 mentem
1736 1269 1890 1314 venit.

404 1347 518 1394 Non
559 1347 710 1394 modo
754 1354 928 1394 autem
970 1347 1106 1394 nulla
1148 1349 1355 1412 querela
1396 1357 1474 1397 est
1515 1352 1892 1416 municipalium

403 1433 661 1481 hominum
713 1451 770 1480 ac
819 1437 1136 1492 rusticorum,
1186 1435 1277 1483 sed
1324 1443 1500 1483 contra
1547 1445 1786 1486 metuunt
1834 1447 1892 1487 ut

402 1520 677 1576 crudelem,
715 1523 915 1568 iratum.
986 1521 1093 1568 Nec
1131 1529 1306 1570 tamen
1343 1522 1466 1569 mihi
1505 1527 1775 1589 quicquam
1813 1534 1892 1574 est

401 1610 631 1654 miserius
654 1624 807 1671 quam
829 1611 1128 1655 remansisse
1153 1625 1247 1656 nec
1270 1612 1494 1673 optatius
1518 1627 1670 1675 quam
1694 1612 1891 1661 evolare

404 1711 504 1740 non
539 1700 647 1740 tam
683 1694 748 1741 ad
780 1694 899 1741 belli
935 1712 1088 1758 quam
1123 1695 1188 1743 ad
1221 1695 1374 1760 fugae
1409 1700 1722 1746 societatem.
1790 1698 1892 1747 Sed

403 1787 478 1836 tu,
511 1783 679 1827 omnia
710 1784 794 1844 qui
827 1780 1032 1828 consilia
1063 1781 1330 1830 differebas
1360 1786 1412 1829 in
1443 1783 1495 1831 id
1524 1791 1744 1848 tempus,
1776 1802 1891 1833 cum

403 1870 660 1923 sciremus,
679 1884 809 1931 quae
829 1867 1059 1915 Brundisi
1079 1875 1195 1916 acta
1214 1877 1398 1917 essent.
1467 1869 1659 1918 Scimus
1677 1887 1890 1936 nempe;

403 1953 669 2001 haeremus
701 1953 855 2001 nihilo
886 1958 1066 2002 minus.
1135 1955 1231 2002 Vix
1264 1959 1399 2003 enim
1430 1973 1576 2020 spero
1605 1957 1727 2004 mihi
1757 1958 1890 2007 hunc

403 2044 603 2087 veniam
639 2040 893 2097 daturum,
930 2045 1024 2088 etsi
1061 2041 1222 2090 multa
1257 2042 1431 2090 adfero
1466 2046 1599 2091 iusta
1634 2044 1698 2092 ad
1731 2047 1889 2109 impe-

404 2127 657 2173 trandum.
727 2126 826 2174 Sed
843 2128 935 2174 tibi
953 2144 1156 2175 omnem
1171 2128 1300 2176 illius
1317 2146 1589 2194 meumque
1605 2147 1889 2179 sermonem

404 2214 634 2260 omnibus
661 2215 823 2260 verbis
851 2231 1144 2278 expressum
1171 2218 1345 2263 statim
1370 2219 1587 2263 mittam.
1654 2217 1731 2264 Tu
1757 2235 1888 2266 nunc

402 2302 535 2345 omni
580 2316 749 2346 amore
786 2303 998 2357 enitere,
1034 2309 1092 2348 ut
1127 2318 1216 2349 nos
1252 2319 1370 2349 cura
1405 2310 1495 2349 tua
1530 2310 1584 2350 et
1618 2304 1889 2367 prudentia

406 2388 558 2432 iuves.
629 2386 711 2432 Ita
731 2388 897 2434 subito
918 2391 1151 2444 accurrit,
1171 2395 1229 2435 ut
1249 2405 1313 2435 ne
1333 2389 1389 2435 T.
1412 2389 1646 2436 Rebilum
1666 2390 1888 2453 quidem,

503 2497 517 2521 ¹
546 2497 665 2549 After
684 2498 897 2539 diceretur
914 2505 1021 2541 most
1040 2499 1173 2541 MSS.
1194 2499 1276 2541 add
1297 2505 1342 2541 et
1362 2501 1566 2554 magister
1585 2502 1796 2554 equitum.

399 2587 423 2618 2
430 2574 488 2633 56
