1988 3008
95 2007 191 2054 Ser.
228 2007 274 2054 in
309 2008 353 2053 F
351 2025 420 2055 or-

95 2074 246 2121 miano
265 2075 345 2121 IV
359 2074 420 2121 Κ.

97 2139 244 2187 Mart.
271 2158 314 2187 a.

97 2208 190 2256 705

722 242 1004 290 MARCUS
1049 243 1350 290 TULLIUS
1396 243 1647 291 CICERO

439 374 628 427 timuit,
648 371 769 434 quid
787 370 1049 434 ignavius?
1088 373 1209 427 sive,
1229 377 1288 416 ut
1308 370 1514 433 quidam
1533 378 1736 434 putant,
1755 371 1927 420 melio-

440 456 547 484 rem
581 455 723 484 suam
756 453 958 484 causam
991 436 1188 483 illorum
1221 437 1378 484 caede
1413 437 1519 484 fore
1553 441 1771 501 putavit,
1805 440 1926 502 quid

444 505 707 551 iniustius?
789 503 889 550 Sed
936 502 1063 550 haec
1111 506 1433 559 omittamus3
1500 521 1744 568 augemus
1793 508 1928 552 enim

442 571 663 617 dolorem
685 570 1022 616 retractando.

503 653 554 682 v1
587 636 698 682 Kal.
730 639 926 699 vesperi
953 635 1138 683 Balbus
1166 638 1329 683 minor
1358 636 1423 683 ad
1450 653 1533 684 me
1562 640 1702 684 venit
1730 637 1928 686 occulta

442 706 521 750 via
557 719 759 749 currens
798 702 863 749 ad
901 702 1177 749 Lentulum
1214 703 1470 750 consulem
1506 706 1661 751 missu
1699 704 1927 752 Caesaris

442 787 556 816 cum
578 770 779 825 litteris,
804 786 919 815 cum
944 769 1214 825 mandatis,
1239 786 1354 815 cum
1378 773 1705 832 promissione
1731 774 1927 833 provin-

441 839 567 891 ciae,
586 836 799 882 Romam
818 842 877 882 ut
895 835 1088 882 redeat.
1143 835 1235 882 Cui
1255 836 1546 898 persuaderi
1565 853 1711 899 posse
1731 854 1832 884 non
1852 854 1928 884 ar-

442 904 616 958 bitror,
646 904 739 948 nisi
770 904 866 948 erit
895 909 1186 948 conventus.
1252 902 1398 949 Idem
1427 904 1598 950 aiebat
1626 902 1749 949 nihil
1777 903 1927 951 malle

443 969 727 1024 Caesarem,
742 985 895 1031 quam
908 975 966 1015 ut
981 967 1278 1031 Pompeium
1292 968 1657 1032 adsequeretur
1671 970 1743 1032 (id
1755 970 1925 1034 credo)

444 1043 497 1081 et
529 1035 718 1082 rediret
751 1038 803 1080 in
835 1038 1068 1098 gratiam.
1137 1035 1198 1081 Id
1231 1052 1333 1082 non
1364 1036 1514 1083 credo
1549 1043 1604 1083 et
1636 1043 1829 1093 metuo,
1861 1053 1926 1084 ne

444 1104 602 1148 omnis
615 1101 741 1148 haec
754 1101 1025 1148 clementia
1039 1101 1104 1148 ad
1119 1101 1363 1148 Cinneam
1376 1102 1396 1132 1
1418 1102 1556 1149 illam
1569 1103 1925 1151 crudelitatem

443 1167 719 1231 colligatur.
780 1167 965 1215 Balbus
993 1168 1198 1231 quidem
1224 1171 1382 1215 maior
1409 1169 1474 1216 ad
1498 1185 1581 1216 me
1609 1170 1780 1217 scribit
1805 1169 1928 1217 nihil

443 1234 591 1281 malle
626 1234 894 1281 Caesarem
927 1251 1080 1297 quam
1113 1238 1336 1298 principe
1372 1234 1612 1298 Pompeio
1645 1238 1751 1283 sine
1784 1244 1927 1284 metu

444 1303 624 1347 vivere.
709 1301 803 1357 Tu,
854 1308 996 1363 puto,
1047 1300 1173 1348 haec
1224 1302 1399 1348 credis.
1469 1301 1586 1359 Sed,
1636 1319 1752 1349 cum
1802 1302 1928 1350 haec

444 1368 724 1413 scribebam
750 1383 781 1413 v
813 1367 1046 1423 Kalend„
1075 1366 1343 1430 Pompeius
1370 1371 1471 1415 iam
1498 1368 1818 1416 Brundisium
1845 1385 1928 1417 ve-

444 1436 575 1480 nisse
601 1441 831 1496 poterat3
877 1434 1145 1496 expeditus
1173 1437 1308 1481 enim
1334 1442 1678 1482 antecesserat
1702 1435 1927 1500 legiones

444 1515 494 1545 xl
544 1500 606 1546 K.
648 1499 873 1546 Luceria.
955 1500 1056 1547 Sed
1092 1500 1186 1547 hoc
1221 1503 1354 1563 τέρας
1390 1501 1613 1548 horribili
1649 1502 1927 1566 vigilantia,

444 1565 723 1623 celeritate,
758 1566 1021 1630 diligentia
1057 1575 1148 1614 est.
1219 1566 1391 1625 Plane,
1427 1568 1550 1632 quid
1583 1567 1811 1616 futurum
1845 1572 1928 1626 sit,

444 1635 623 1678 nescio.

921 1923 1094 1954 CICERO
1129 1924 1303 1954 ATTICO
1339 1925 1435 1956 SAL.

509 2012 779 2075 Dionysius
818 2029 931 2059 cum
972 2014 1036 2060 ad
1074 2031 1155 2060 me
1195 2022 1398 2077 praeter
1437 2018 1721 2078 opinionem
1761 2034 1928 2064 meam

446 2081 681 2134 venisset,
705 2079 900 2126 locutus
926 2096 1034 2126 sum
1060 2097 1174 2126 curn
1200 2098 1259 2127 eo
1284 2081 1655 2137 liberalissime,
1644 2098 1654 2108 ·
1698 2090 1929 2146 tempora

448 2148 671 2207 exposui,
703 2148 890 2208 rogavi,
923 2153 980 2192 ut
1012 2147 1221 2203 diceret,
1254 2148 1375 2210 quid
1405 2147 1619 2195 haberet
1650 2152 1702 2194 in
1733 2153 1928 2206 anim03

447 2227 528 2256 me
564 2210 685 2256 nihil
720 2213 783 2257 ab
817 2214 924 2290 ipso
959 2215 1115 2259 invito
1150 2183 1472 2261 coiitendere.
1542 2215 1822 2278 Respondit
1856 2232 1928 2273 se,

448 2277 614 2339 quod
601 2294 652 2322 m
672 2281 888 2324 nummis
908 2277 1138 2335 haberet,
1159 2283 1349 2326 nescire
1372 2298 1471 2343 quo
1491 2280 1586 2327 loci
1607 2289 1769 2337 esset3
1808 2282 1928 2329 alios

447 2359 545 2388 non
600 2343 807 2400 solvere,
861 2344 1069 2391 aliorum
1123 2346 1258 2392 diem
1311 2347 1535 2393 nondum
1589 2364 1717 2394 esse.
1784 2349 1929 2406 Dixit

447 2412 602 2454 etiam
627 2409 723 2455 alia
749 2410 999 2472 quaedam
1025 2411 1087 2458 de
1114 2412 1319 2459 servulis
1345 2417 1462 2470 suis,
1488 2430 1643 2476 quare
1669 2404 1928 2461 nobiscum

444 2565 478 2603 O
502 2513 751 2606 lllCinneam
785 2515 944 2566 Tyrrell
974 2516 1059 2556 ami
1091 2517 1273 2558 Purser:
1323 2531 1456 2558 unam
1490 2519 1652 2560 MSS&
1704 2519 1927 2561 Sullanam

480 2579 521 2605 re
555 2580 571 2605 z

449 2644 533 2687 128
