1988 3008
42 644 139 692 Scr.
175 643 223 692 in
257 643 302 690 F
300 660 372 691 or-

43 711 195 759 miano
216 710 304 758 III

44 779 167 826 Non.
204 777 337 826 Febr.

44 863 87 893 a.
113 847 206 897 705

678 261 961 310 MARCUS
1004 262 1305 311 TULLIUS
1350 263 1599 313 CICERO

1047 454 1224 502 XVIII

879 568 1053 599 CICERO
1088 569 1261 600 ATTICO
1295 570 1392 602 SAL.

460 665 540 696 1111
566 649 694 697 Non.
723 650 868 698 Febr.
895 651 1130 698 mulieres
1155 659 1356 699 nostrae
1384 653 1605 702 Formias
1632 661 1879 702 venerunt

396 738 586 794 tuaque
618 748 739 795 erga
769 748 822 778 se
853 731 1012 778 officia
1041 732 1191 796 plena
1221 736 1292 779 tui
1327 738 1601 782 suavissimi
1633 736 1782 783 studii
1816 735 1880 783 ad

396 829 478 859 me
516 812 849 876 pertulerunt.
918 812 1018 859 Eas
1059 829 1170 878 ego,
1211 814 1378 877 quoad
1415 818 1670 872 sciremus,
1709 823 1880 863 utrum

396 896 531 957 turpi
563 910 687 957 pace
720 894 861 940 nobis
895 910 958 940 an
990 897 1171 941 misero
1202 894 1335 942 bello
1368 903 1502 943 esset
1534 896 1797 953 utendum,
1831 901 1881 944 in

397 974 661 1022 Formiano
703 991 811 1022 esse
853 974 983 1021 volui
1026 981 1078 1022 et
1120 992 1220 1022 una
1261 975 1540 1023 Cicerones.
1613 976 1727 1041 Ipse
1768 995 1882 1024 cum

395 1055 552 1103 fratre
582 1055 807 1119 Capuam
837 1055 901 1102 ad
929 1055 1156 1102 consules
1186 1056 1362 1118 (Nonis
1392 1060 1526 1104 enim
1556 1057 1731 1105 adesse
1762 1061 1877 1105 iussi

397 1137 586 1199 sumus)
631 1152 689 1182 111
731 1136 900 1183 Nonas
940 1135 1196 1200 profectus
1237 1153 1363 1194 sum,
1404 1155 1518 1185 cum
1557 1137 1648 1186 has
1688 1138 1883 1186 litteras

396 1218 528 1266 dedi.

462 1299 721 1363 Responsa
744 1297 950 1362 Pompei
974 1306 1122 1363 grata
1143 1299 1327 1362 populo
1352 1306 1405 1347 et
1427 1301 1641 1363 probata
1663 1303 1882 1348 contioni

400 1398 509 1429 esse
546 1380 794 1427 dicuntur.
866 1379 946 1426 Ita
982 1387 1229 1443 putaram.
1300 1380 1443 1439 Quae
1482 1381 1685 1444 quidem
1724 1381 1805 1428 ille
1843 1384 1882 1428 si

398 1461 693 1525 repudiarit,
711 1461 924 1516 iacebit3
961 1463 1000 1507 si
1021 1463 1351 1524 acceperit—.
1423 1459 1449 1476 ‘⁶
1475 1449 1661 1508 Utrum
1680 1460 1884 1526 igitur,”

400 1545 612 1606 inquies,
641 1540 668 1557 ‘⁸
692 1544 848 1588 mavis
874 1539 937 1587 ''?
1003 1541 1398 1604 Responderem,
1426 1545 1483 1598 si,
1511 1558 1663 1606 quem
1693 1543 1756 1590 ad
1782 1560 1886 1590 mo·

402 1623 523 1671 dum
547 1625 710 1687 parati
736 1639 974 1678 essemus,
999 1625 1192 1669 scirem.
1263 1621 1487 1669 Cassium
1513 1630 1623 1670 erat
1645 1622 1725 1669 hic
1749 1623 1888 1670 audi·

402 1712 513 1752 tum
536 1703 800 1767 expulsum
821 1703 1031 1749 Ancona
1054 1719 1268 1766 eamque
1291 1703 1467 1750 urbem
1492 1720 1520 1750 a
1542 1704 1684 1750 nobis
1706 1707 1885 1751 teneri.

403 1784 452 1832 Si
489 1784 678 1832 bellum
715 1783 941 1830 futurum
979 1790 1073 1839 est,
1111 1785 1372 1847 negotium
1411 1783 1551 1831 utile.
1621 1783 1888 1832 Caesarem

404 1865 609 1930 quidem
637 1864 694 1911 L.
725 1863 940 1911 Caesare
968 1880 1082 1911 cum
1109 1863 1361 1910 mandatis
1390 1863 1453 1911 de
1481 1880 1606 1928 pace
1635 1868 1784 1912 misso
1812 1872 1887 1912 ta-

403 1963 521 1994 men
550 1949 691 1993 aiunt
720 1947 961 1992 acerrime
989 1944 1230 1992 dilectum
1258 1943 1463 2001 habere,
1491 1944 1600 1992 loca
1627 1962 1888 2009 occupare,

405 2030 588 2074 vincire
613 2026 888 2090 praesidiis.
958 2024 1004 2072 O
1029 2025 1284 2088 perditum
1311 2025 1584 2072 latronem!
1628 2042 1658 2073 o
1683 2028 1764 2072 vix
1791 2025 1889 2073 ullo

405 2111 508 2155 otio
533 2105 958 2170 compensandam
983 2105 1112 2153 hanc
1138 2108 1208 2153 rei
1236 2105 1468 2169 publicae
1494 2105 1888 2169 turpitudinem!

405 2188 506 2236 Sed
539 2186 839 2235 stomachari
874 2187 1176 2243 desinamus,
1210 2189 1424 2249 tempori
1459 2202 1742 2250 pareamus,
1775 2203 1890 2234 cum

408 2267 646 2332 Pompeio
667 2270 718 2314 in
739 2267 1035 2331 Hispaniam
1057 2283 1244 2315 eamus.
1314 2266 1456 2314 Haec
1478 2273 1598 2330 opto
1618 2266 1635 2295 ¹
1658 2269 1709 2312 in
1729 2266 1888 2324 malis,

407 2352 643 2413 quoniam
678 2347 806 2394 illius
842 2347 1057 2394 alterum
1091 2347 1406 2394 consulatum
1441 2364 1470 2394 a
1503 2363 1558 2394 re
1592 2346 1792 2410 publica
1827 2363 1890 2394 ne

407 2430 529 2476 data
562 2428 767 2493 quidem
801 2431 1060 2476 occasione
1094 2428 1416 2492 reppulimus.
1486 2426 1586 2475 Sed
1619 2426 1744 2475 haec
1776 2426 1892 2474 hac-

406 2517 569 2558 tenus.

738 2598 755 2624 ¹
782 2598 950 2650 optima
966 2598 1142 2650 Lipsius
1155 2597 1240 2638 and
1255 2603 1385 2639 recem
1402 2596 1562 2639 editors.

409 2678 467 2736 78
