1988 3008
794 403 866 449 M.
914 401 1124 449 TULLI
1172 398 1532 448 CICERONIS

660 478 1157 528 EPISTULARUM
1204 478 1301 524 AD
1347 474 1662 524 ATTICUM

884 596 1086 643 LIBER
1132 593 1444 643 OCTAVUS

1153 825 1176 871 I

924 939 1096 969 CICERO
1131 937 1303 969 ATTICO
1339 937 1435 968 SAL.

81 1022 175 1070 Sor.
210 1020 405 1069 Formiis
491 1023 618 1070 Cum
642 1022 706 1069 ad
727 1028 780 1069 te
802 1021 998 1068 litteras
1021 1019 1288 1076 dedissem,
1310 1018 1540 1066 redditae
1562 1017 1684 1065 mihi
1705 1017 1908 1065 litterae

83 1089 211 1136 XIV
228 1088 289 1135 K.

83 1155 228 1202 Mart.
259 1173 302 1202 a.

82 1226 110 1273 7
111 1224 173 1273 05

430 1097 547 1138 sunt
576 1107 606 1136 a
636 1088 889 1152 Pompeio.
955 1087 1139 1134 Cetera
1168 1086 1231 1133 de
1261 1087 1411 1132 rebus
1440 1088 1492 1132 in
1523 1084 1705 1132 Piceno
1735 1087 1908 1149 gestis,

430 1173 560 1220 quae
594 1156 658 1203 ad
690 1173 743 1203 se
776 1154 1019 1202 Vibullius
1052 1155 1346 1216 scripsisset,
1378 1152 1443 1199 de
1476 1152 1665 1199 dilectu
1697 1151 1909 1208 Domiti,

431 1240 560 1287 quae
592 1230 708 1270 sunt
738 1223 875 1269 vobis
906 1228 1027 1267 nota
1055 1237 1149 1267 nec
1178 1227 1352 1267 tamen
1381 1226 1489 1266 tam
1517 1219 1655 1266 laeta
1684 1225 1829 1266 erant
1857 1221 1910 1265 in

431 1294 489 1338 iis
510 1290 710 1346 litteris,
732 1306 884 1352 quam
907 1288 971 1335 ad
991 1304 1073 1334 me
1097 1285 1392 1334 Philotimus
1415 1289 1696 1349 scripserat.
1741 1285 1910 1349 Ipsam

430 1359 523 1404 tibi
555 1356 821 1420 epistulam
851 1358 1112 1410 misissem,
1143 1354 1233 1401 sed
1260 1357 1362 1400 iam
1392 1354 1558 1400 subito
1587 1351 1755 1399 fratris
1784 1368 1910 1416 puer

431 1424 851 1487 proficiscebatur.
921 1421 1040 1468 Cras
1059 1424 1214 1485 igitur
1226 1423 1444 1467 mittam.
1512 1419 1613 1467 Sed
1625 1422 1676 1466 in
1691 1435 1752 1466 ea
1766 1417 1910 1466 Pom-

432 1494 513 1554 pei
533 1489 748 1554 epistula
767 1491 946 1536 eratin
966 1495 1193 1534 extremo
1211 1490 1364 1550 ipsius
1382 1502 1564 1533 manu:
1583 1485 1611 1503 “
1634 1486 1711 1533 Tu
1728 1502 1910 1533 censeo

434 1558 696 1604 Luceriam
719 1559 903 1602 venias.
973 1555 1233 1618 Nusquam
1258 1557 1352 1600 eris
1377 1551 1588 1600 tutius.’'
1657 1553 1717 1600 Id
1741 1569 1836 1617 ego
1859 1555 1910 1599 in

433 1641 545 1670 eam
571 1630 769 1686 partem
797 1625 984 1684 accepi,
1010 1621 1136 1668 haec
1163 1621 1348 1684 oppida
1375 1627 1529 1684 atque
1557 1636 1695 1667 oram
1721 1622 1911 1666 mariti-

431 1707 566 1737 mam
598 1690 736 1736 illum
770 1705 859 1752 pro
893 1688 1133 1735 derelicto
1179 1687 1385 1744 habere,
1418 1703 1512 1734 nec
1552 1704 1663 1734 sum
1702 1690 1923 1734 miratus

434 1774 567 1813 eum,
601 1760 685 1819 qui
719 1762 873 1819 caput
906 1758 1070 1818 ipsum
1102 1754 1403 1818 reliquisset,
1437 1753 1639 1817 reliquis
1672 1755 1911 1801 membris

433 1840 533 1870 non
566 1839 787 1886 parcere.
855 1822 916 1868 Ei
950 1824 1124 1868 statim
1157 1824 1385 1884 rescripsi
1418 1820 1774 1884 hominemque
1809 1837 1914 1867 cer-

434 1897 545 1937 tum
576 1892 686 1936 misi
719 1889 782 1936 de
815 1890 1080 1935 comitibus
1112 1891 1254 1945 meis,
1286 1905 1387 1935 non
1417 1904 1500 1935 me
1534 1903 1795 1951 quaerere,
1826 1888 1912 1934 ubi

435 1959 685 2003 tutissimo
718 1972 894 2003 essem.
962 1955 1013 2002 Si
1043 1972 1124 2002 me
1156 1955 1309 2002 vellet
1340 1972 1430 2002 sua
1461 1962 1550 2001 aut
1579 1957 1652 2002 rei
1681 1954 1913 2018 publicae

435 2040 584 2070 causa
605 2023 868 2069 Luceriam
885 2025 1073 2079 venire,
1092 2025 1266 2069 statim
1286 2038 1394 2069 esse
1414 2029 1710 2077 venturum3
1746 2020 1914 2068 horta-

436 2097 619 2153 tusque
657 2106 784 2145 sum,
820 2096 879 2136 ut
915 2105 1053 2135 oram
1089 2092 1394 2135 maritimam
1430 2091 1694 2145 retineret,
1730 2090 1770 2135 si
1805 2104 1914 2134 rem

437 2156 817 2203 frumentariam
857 2157 949 2202 sibi
990 2172 1053 2202 ex
1092 2158 1354 2219 provinciis
1395 2155 1706 2218 suppeditari
1744 2154 1912 2201 vellet.

438 2223 548 2269 Hoc
580 2239 661 2268 me
696 2221 880 2269 frustra
912 2223 1127 2269 scribere
1162 2223 1423 2278 videbam3
1474 2221 1564 2268 sed
1597 2224 1673 2268 uti
1705 2224 1756 2268 in
1789 2222 1914 2268 urbe

438 2288 703 2335 retinenda
739 2296 860 2335 tunc
899 2292 967 2335 sic
1005 2306 1135 2335 nunc
1173 2292 1224 2335 in
1265 2289 1412 2335 Italia
1449 2305 1550 2335 non
1586 2287 1916 2351 relinquenda

438 2355 745 2402 testificabar
766 2358 1071 2401 sententiam
1091 2372 1272 2402 meam.
1314 2355 1392 2402 Sic
1415 2358 1548 2401 enim
1568 2357 1732 2418 parari
1752 2355 1915 2410 video,

439 2428 497 2467 ut
536 2421 799 2467 Luceriam
838 2438 1010 2468 omnes
1049 2425 1221 2485 copiae
1261 2421 1638 2478 contrahantur,
1678 2428 1731 2468 et
1770 2437 1834 2468 ne
1873 2424 1914 2468 is

439 2487 642 2550 quidem
663 2487 798 2534 locus
822 2491 886 2535 sit
908 2488 1115 2546 stabilis,
1139 2489 1228 2536 sed
1251 2505 1314 2536 ex
1338 2506 1397 2536 eo
1419 2492 1544 2553 ipso,
1567 2491 1606 2535 si
1629 2503 1914 2553 urgeamur,

437 2561 642 2616 paretur
665 2553 798 2617 fuga.

439 2653 497 2710 98
