1988 3008
667 166 951 214 MARCUS
994 167 1295 215 TULLIUS
1340 167 1591 216 CICERO

387 304 494 343 tam
521 303 664 342 atrox
702 302 781 341 est
816 297 1123 357 ἀναθεώρησις
1154 294 1301 342 huius
1332 299 1552 359 ingentis
1588 295 1720 343 mali.
1790 297 1879 343 Di-

392 383 551 429 lectus
582 381 851 437 habentur,
875 384 928 427 111
958 381 1169 428 hiberna
1199 381 1538 429 deducuntur.
1608 383 1701 439 Ea,
1732 400 1881 447 quae,

389 472 546 515 etiam
569 485 685 515 cum
717 485 747 515 a
769 468 912 515 bonis
937 471 1071 524 viris,
1095 485 1212 515 cum
1237 471 1369 515 iusto
1392 471 1445 514 in
1467 468 1617 525 bello,
1641 486 1756 516 cum
1778 487 1882 516 mo-

388 555 534 602 deste
569 554 714 609 fiunt,
748 561 924 601 tamen
957 557 1067 617 ipsa
1099 571 1190 618 per
1224 571 1278 602 se
1311 555 1526 602 molesta
1559 563 1694 612 sunt,
1729 573 1882 619 quam

388 658 563 687 censes
591 642 773 687 acerba
799 657 931 687 1111110
960 657 1087 696 esse,
1113 658 1230 688 cum
1256 658 1286 688 a
1312 641 1522 704 perditis
1549 645 1601 688 in
1627 642 1757 689 civili
1794 659 1880 690 ne-

390 727 514 774 fario
545 727 676 774 bello
708 727 1113 790 petulantissime
1148 727 1298 774 fiant!
1367 727 1500 775 Cave
1531 736 1704 775 autem
1735 736 1883 792 putes

389 831 697 877 quemquam
724 813 982 861 hominem
1007 817 1060 859 in
1089 814 1239 860 Italia
1265 821 1468 877 turpem
1497 831 1624 870 esse,
1652 818 1735 878 qui
1763 814 1880 862 hinc

390 902 535 948 absit.
605 900 719 947 Vidi
746 903 852 963 ipse
881 900 1090 947 Formiis
1118 903 1372 947 universos
1399 917 1565 964 neque
1593 901 1882 949 mehercule

391 1004 631 1050 umquam
657 986 884 1034 homines
911 990 1101 1050 putavi,
1129 994 1182 1034 et
1209 1004 1382 1034 noram
1409 1004 1599 1044 omnes,
1625 988 1715 1035 sed
1741 1005 1880 1035 num-

389 1091 543 1138 quam
566 1091 665 1120 uno
688 1074 795 1121 loco
817 1074 1056 1121 videram.

456 1159 731 1224 Pergamus
763 1164 935 1225 igitur,
969 1178 1068 1224 quo
1100 1160 1285 1224 placet,
1319 1168 1372 1208 et
1405 1168 1577 1208 nostra
1609 1165 1777 1209 omnia
1807 1179 1882 1209 re—

394 1247 695 1311 linquamuS‚
725 1247 1096 1310 proficiscamur
1126 1247 1191 1295 ad
1221 1264 1356 1304 eum,
1385 1251 1463 1295 cui
1494 1251 1684 1312 gratior
1715 1256 1885 1296 noster

390 1335 638 1381 adventus
675 1337 788 1390 erit,
826 1351 979 1397 quam
1015 1338 1053 1381 si
1091 1351 1192 1381 una
1227 1333 1506 1382 fuissemus.
1576 1334 1706 1382 Tum
1742 1338 1878 1398 enim

390 1438 589 1468 eramus
622 1424 672 1466 111
705 1424 926 1467 maxima
959 1438 1065 1484 spe,
1098 1437 1230 1467 nunc
1265 1437 1360 1485 ego
1393 1421 1598 1484 quidem
1631 1424 1682 1467 in
1715 1421 1877 1477 nulla;

390 1524 483 1555 nec
510 1514 712 1571 praeter
739 1524 820 1554 me
848 1510 1115 1571 quisquam
1143 1507 1292 1554 Italia
1317 1511 1484 1563 cessit,
1512 1511 1603 1555 nisi
1631 1510 1715 1571 qui
1742 1507 1876 1556 hunc

390 1597 646 1641 inimicum
674 1595 764 1641 sibi
794 1602 1015 1657 putaret.
1086 1593 1193 1641 Nec
1218 1593 1506 1641 mehercule
1534 1593 1627 1641 hoc
1654 1594 1782 1642 facio
1810 1598 1882 1643 rei

390 1681 621 1744 publicae
648 1698 815 1737 causa,
843 1698 995 1744 quam
1023 1680 1254 1727 funditus
1281 1680 1506 1727 deletam
1531 1688 1673 1744 puto,
1701 1681 1793 1728 sed
1819 1699 1881 1729 ne

391 1771 502 1831 quis
534 1784 616 1814 me
649 1774 799 1830 putet
831 1770 1088 1831 ingratum
1120 1770 1169 1813 in
1205 1784 1338 1823 eum,
1371 1770 1455 1831 qui
1489 1784 1570 1815 me
1603 1767 1786 1815 levavit
1823 1771 1882 1815 iis

398 1854 742 1909 incommodis,
762 1855 943 1917 quibus
962 1854 1098 1900 idem
1118 1853 1395 1910 adfecerat,
1415 1861 1469 1901 et
1487 1854 1632 1901 simul
1652 1854 1786 1918 quod
1806 1871 1881 1911 ea,

393 1957 523 2004 quae
543 1940 688 1995 fiunt,
707 1948 795 1987 aut
814 1957 944 2003 quae
963 1948 1102 1987 certe
1122 1940 1293 1987 futura
1311 1948 1446 1996 sunt,
1466 1941 1635 1988 videre
1654 1958 1753 1988 non
1772 1958 1880 2005 pos-

393 2043 517 2073 sum.
589 2027 757 2073 Etiam
791 2026 1028 2090 equidem
1060 2034 1265 2074 senatus
1297 2026 1526 2074 consulta
1558 2026 1695 2074 facta
1727 2045 1879 2091 quae-

392 2113 510 2159 dam
540 2116 639 2159 iam
670 2121 811 2176 puto,
844 2116 1038 2160 utinam
1068 2116 1120 2159 in
1149 2113 1349 2160 Volcaci
1381 2115 1714 2161 sententiam!
1782 2113 1882 2162 Sed

391 2199 514 2263 quid
545 2199 738 2246 refert?
772 2207 850 2246 est
884 2203 1019 2246 enim
1053 2216 1153 2246 una
1185 2203 1442 2247 sententia
1474 2203 1711 2247 omnium.
1781 2200 1881 2248 Sed

392 2289 489 2332 erit
508 2289 871 2332 immitissimus
893 2284 1108 2342 Servius,
1130 2289 1214 2350 qui
1237 2285 1393 2333 filium
1413 2289 1550 2333 misit
1570 2286 1636 2333 ad
1656 2286 1877 2351 effligen-

392 2372 513 2418 dum
536 2371 624 2418 Cn.
652 2370 947 2435 Pompeium
970 2380 1059 2419 aut
1080 2379 1219 2419 certe
1241 2372 1543 2435 capiendum
1564 2389 1678 2419 cum
1702 2371 1881 2420 Pontio

389 2458 658 2505 Titiniano.
725 2458 836 2506 Etsi
864 2458 944 2506 hic
972 2459 1178 2523 quidem
1204 2462 1397 2507 timoris
1424 2475 1592 2517 causa,
1618 2459 1700 2507 ille
1729 2461 1880 2508 vero?

391 2557 480 2602 268
