<?xml version="1.0" encoding="UTF-8"?>
<!DOCTYPE html PUBLIC "-//W3C//DTD XHTML 1.0 Transitional//EN"
    "http://www.w3.org/TR/xhtml1/DTD/xhtml1-transitional.dtd">
<html xmlns="http://www.w3.org/1999/xhtml" xml:lang="en" lang="en">
 <head>
  <title>
</title>
<meta http-equiv="Content-Type" content="text/html;charset=utf-8" />
  <meta name='ocr-system' content='tesseract 3.04.00' />
  <meta name='ocr-capabilities' content='ocr_page ocr_carea ocr_par ocr_line ocrx_word'/>
</head>
<body>
  <div class='ocr_page' id='page_1' title='image "./letterstoatticu02ciceuoft/letterstoatticu02ciceuoft_0138.png"; bbox 0 0 1988 3008; ppageno 0'>
   <div class='ocr_carea' id='block_1_1' title="bbox 112 1383 432 1432">
    <p class='ocr_par' dir='ltr' id='par_1_1' title="bbox 112 1383 432 1432">
     <span class='ocr_line' id='line_1_1' title="bbox 112 1383 432 1432; baseline -0.006 0"><span class='ocrx_word' id='word_1_1' title='bbox 112 1384 207 1432; x_wconf 79' lang='lat' dir='ltr'>Ser.</span> <span class='ocrx_word' id='word_1_2' title='bbox 244 1383 291 1430; x_wconf 81' lang='lat' dir='ltr'>in</span> <span class='ocrx_word' id='word_1_3' title='bbox 326 1384 432 1431; x_wconf 87' lang='lat' dir='ltr'>For-</span> 
     </span>
    </p>
   </div>
   <div class='ocr_carea' id='block_1_2' title="bbox 112 1450 434 1565">
    <p class='ocr_par' dir='ltr' id='par_1_2' title="bbox 112 1450 434 1565">
     <span class='ocr_line' id='line_1_2' title="bbox 112 1450 434 1498; baseline 0 0"><span class='ocrx_word' id='word_1_4' title='bbox 112 1452 262 1498; x_wconf 79' lang='lat' dir='ltr'>miano</span> <span class='ocrx_word' id='word_1_5' title='bbox 289 1451 329 1497; x_wconf 91' lang='lat' dir='ltr'><em>V</em></span> <span class='ocrx_word' id='word_1_6' title='bbox 331 1451 357 1496; x_wconf 96' lang='lat' dir='ltr'>I</span> <span class='ocrx_word' id='word_1_7' title='bbox 375 1450 434 1498; x_wconf 86' lang='lat' dir='ltr'>K.</span> 
     </span>
     <span class='ocr_line' id='line_1_3' title="bbox 113 1518 340 1565; baseline -0.004 0"><span class='ocrx_word' id='word_1_8' title='bbox 113 1518 260 1565; x_wconf 82' lang='lat' dir='ltr'>Mart.</span> <span class='ocrx_word' id='word_1_9' title='bbox 297 1535 340 1564; x_wconf 88' lang='lat' dir='ltr'>a.</span> 
     </span>
    </p>
   </div>
   <div class='ocr_carea' id='block_1_3' title="bbox 113 1586 205 1635">
    <p class='ocr_par' dir='ltr' id='par_1_3' title="bbox 113 1586 205 1635">
     <span class='ocr_line' id='line_1_4' title="bbox 113 1586 205 1635; baseline 0 0"><span class='ocrx_word' id='word_1_10' title='bbox 113 1586 205 1635; x_wconf 84' lang='lat'>705</span> 
     </span>
    </p>
   </div>
   <div class='ocr_carea' id='block_1_4' title="bbox 731 250 1652 300">
    <p class='ocr_par' dir='ltr' id='par_1_4' title="bbox 731 250 1652 300">
     <span class='ocr_line' id='line_1_5' title="bbox 731 250 1652 300; baseline 0 0"><span class='ocrx_word' id='word_1_11' title='bbox 731 252 1013 300; x_wconf 88' lang='lat' dir='ltr'>MARCUS</span> <span class='ocrx_word' id='word_1_12' title='bbox 1056 250 1356 299; x_wconf 91' lang='lat' dir='ltr'>TULLIUS</span> <span class='ocrx_word' id='word_1_13' title='bbox 1402 251 1652 300; x_wconf 88' lang='lat' dir='ltr'>CICERO</span> 
     </span>
    </p>
   </div>
   <div class='ocr_carea' id='block_1_5' title="bbox 453 380 1938 967">
    <p class='ocr_par' dir='ltr' id='par_1_5' title="bbox 453 380 1935 706">
     <span class='ocr_line' id='line_1_6' title="bbox 453 380 1935 447; baseline 0 -17"><span class='ocrx_word' id='word_1_14' title='bbox 453 383 650 447; x_wconf 78' lang='lat' dir='ltr'>linquit,</span> <span class='ocrx_word' id='word_1_15' title='bbox 668 385 709 430; x_wconf 89' lang='lat' dir='ltr'>si</span> <span class='ocrx_word' id='word_1_16' title='bbox 726 381 896 438; x_wconf 91' lang='lat' dir='ltr'>malui,</span> <span class='ocrx_word' id='word_1_17' title='bbox 914 383 1146 445; x_wconf 88' lang='lat' dir='ltr'>contigit,</span> <span class='ocrx_word' id='word_1_18' title='bbox 1165 383 1325 427; x_wconf 91' lang='lat' dir='ltr'>victus</span> <span class='ocrx_word' id='word_1_19' title='bbox 1344 396 1468 427; x_wconf 91' lang='lat' dir='ltr'>sum.</span> <span class='ocrx_word' id='word_1_20' title='bbox 1522 380 1671 439; x_wconf 84' lang='lat' dir='ltr'>Quod</span> <span class='ocrx_word' id='word_1_21' title='bbox 1689 389 1935 445; x_wconf 79' lang='lat' dir='ltr'><strong>superest,</strong></span> 
     </span>
     <span class='ocr_line' id='line_1_7' title="bbox 454 469 1934 532; baseline -0.001 -15"><span class='ocrx_word' id='word_1_22' title='bbox 454 487 547 517; x_wconf 91' lang='lat' dir='ltr'>nec</span> <span class='ocrx_word' id='word_1_23' title='bbox 589 473 685 516; x_wconf 88' lang='lat' dir='ltr'>ista</span> <span class='ocrx_word' id='word_1_24' title='bbox 725 469 894 516; x_wconf 89' lang='lat' dir='ltr'>videre</span> <span class='ocrx_word' id='word_1_25' title='bbox 935 485 1154 532; x_wconf 87' lang='lat' dir='ltr'>possum,</span> <span class='ocrx_word' id='word_1_26' title='bbox 1197 484 1326 531; x_wconf 89' lang='lat' dir='ltr'>quae</span> <span class='ocrx_word' id='word_1_27' title='bbox 1368 484 1643 531; x_wconf 88' lang='lat' dir='ltr'><strong>numquam</strong></span> <span class='ocrx_word' id='word_1_28' title='bbox 1683 471 1828 516; x_wconf 91' lang='lat' dir='ltr'>timui</span> <span class='ocrx_word' id='word_1_29' title='bbox 1871 487 1934 516; x_wconf 91' lang='lat' dir='ltr'>ne</span> 
     </span>
     <span class='ocr_line' id='line_1_8' title="bbox 454 554 1934 619; baseline 0.001 -17"><span class='ocrx_word' id='word_1_30' title='bbox 454 556 692 612; x_wconf 89' lang='lat' dir='ltr'>viderem,</span> <span class='ocrx_word' id='word_1_31' title='bbox 729 573 820 603; x_wconf 91' lang='lat' dir='ltr'>nec</span> <span class='ocrx_word' id='word_1_32' title='bbox 855 554 1141 602; x_wconf 85' lang='lat' dir='ltr'>mehercule</span> <span class='ocrx_word' id='word_1_33' title='bbox 1177 558 1347 612; x_wconf 87' lang='lat' dir='ltr'>istum,</span> <span class='ocrx_word' id='word_1_34' title='bbox 1381 562 1589 619; x_wconf 87' lang='lat' dir='ltr'>propter</span> <span class='ocrx_word' id='word_1_35' title='bbox 1623 572 1775 619; x_wconf 91' lang='lat' dir='ltr'>quem</span> <span class='ocrx_word' id='word_1_36' title='bbox 1810 555 1934 603; x_wconf 91' lang='lat' dir='ltr'>mihi</span> 
     </span>
     <span class='ocr_line' id='line_1_9' title="bbox 454 642 1748 706; baseline 0.001 -17"><span class='ocrx_word' id='word_1_37' title='bbox 454 659 554 689; x_wconf 92' lang='lat' dir='ltr'>non</span> <span class='ocrx_word' id='word_1_38' title='bbox 575 643 723 690; x_wconf 91' lang='lat' dir='ltr'>modo</span> <span class='ocrx_word' id='word_1_39' title='bbox 746 645 886 698; x_wconf 90' lang='lat' dir='ltr'>meis,</span> <span class='ocrx_word' id='word_1_40' title='bbox 908 642 998 689; x_wconf 89' lang='lat' dir='ltr'>sed</span> <span class='ocrx_word' id='word_1_41' title='bbox 1018 649 1210 689; x_wconf 80' lang='lat' dir='ltr'>memet</span> <span class='ocrx_word' id='word_1_42' title='bbox 1231 645 1339 706; x_wconf 92' lang='lat' dir='ltr'>ipso</span> <span class='ocrx_word' id='word_1_43' title='bbox 1360 642 1632 689; x_wconf 90' lang='lat' dir='ltr'>carendum</span> <span class='ocrx_word' id='word_1_44' title='bbox 1655 649 1748 690; x_wconf 86' lang='lat' dir='ltr'>est.</span> 
     </span>
    </p>

    <p class='ocr_par' dir='ltr' id='par_1_6' title="bbox 455 728 1938 967">
     <span class='ocr_line' id='line_1_10' title="bbox 518 728 1938 793; baseline 0.001 -17"><span class='ocrx_word' id='word_1_45' title='bbox 518 730 600 776; x_wconf 91' lang='lat' dir='ltr'>Ad</span> <span class='ocrx_word' id='word_1_46' title='bbox 637 728 959 776; x_wconf 81' lang='lat' dir='ltr'>Philotimum</span> <span class='ocrx_word' id='word_1_47' title='bbox 994 732 1164 793; x_wconf 87' lang='lat' dir='ltr'><strong>scripsi</strong></span> <span class='ocrx_word' id='word_1_48' title='bbox 1201 729 1264 776; x_wconf 91' lang='lat' dir='ltr'>de</span> <span class='ocrx_word' id='word_1_49' title='bbox 1301 732 1483 776; x_wconf 87' lang='lat' dir='ltr'>viatico</span> <span class='ocrx_word' id='word_1_50' title='bbox 1518 732 1620 776; x_wconf 89' lang='lat' dir='ltr'>sive</span> <span class='ocrx_word' id='word_1_51' title='bbox 1656 746 1686 776; x_wconf 90' lang='lat' dir='ltr'>a</span> <span class='ocrx_word' id='word_1_52' title='bbox 1723 729 1938 778; x_wconf 87' lang='lat' dir='ltr'>Moneta</span> 
     </span>
     <span class='ocr_line' id='line_1_11' title="bbox 456 816 1938 880; baseline 0.001 -18"><span class='ocrx_word' id='word_1_53' title='bbox 456 817 624 877; x_wconf 89' lang='lat' dir='ltr'>(nemo</span> <span class='ocrx_word' id='word_1_54' title='bbox 651 819 783 863; x_wconf 90' lang='lat' dir='ltr'>enim</span> <span class='ocrx_word' id='word_1_55' title='bbox 810 816 974 878; x_wconf 90' lang='lat' dir='ltr'>solvit)</span> <span class='ocrx_word' id='word_1_56' title='bbox 1002 819 1103 863; x_wconf 90' lang='lat' dir='ltr'>sive</span> <span class='ocrx_word' id='word_1_57' title='bbox 1131 817 1194 863; x_wconf 90' lang='lat' dir='ltr'>ab</span> <span class='ocrx_word' id='word_1_58' title='bbox 1221 816 1415 880; x_wconf 88' lang='lat' dir='ltr'>Oppiis,</span> <span class='ocrx_word' id='word_1_59' title='bbox 1442 819 1541 864; x_wconf 88' lang='lat' dir='ltr'>tuis</span> <span class='ocrx_word' id='word_1_60' title='bbox 1567 817 1938 865; x_wconf 89' lang='lat' dir='ltr'>contubernali—</span> 
     </span>
     <span class='ocr_line' id='line_1_12' title="bbox 455 903 1473 967; baseline 0 -17"><span class='ocrx_word' id='word_1_61' title='bbox 455 903 563 950; x_wconf 87' lang='lat' dir='ltr'>bus.</span> <span class='ocrx_word' id='word_1_62' title='bbox 633 903 816 950; x_wconf 84' lang='lat' dir='ltr'>Cetera</span> <span class='ocrx_word' id='word_1_63' title='bbox 839 906 1068 967; x_wconf 86' lang='lat' dir='ltr'>apposita</span> <span class='ocrx_word' id='word_1_64' title='bbox 1091 904 1183 950; x_wconf 89' lang='lat' dir='ltr'>tibi</span> <span class='ocrx_word' id='word_1_65' title='bbox 1208 903 1473 950; x_wconf 83' lang='lat' dir='ltr'>mandabo.</span> 
     </span>
    </p>
   </div>
   <div class='ocr_carea' id='block_1_6' title="bbox 1137 1173 1261 1220">
    <p class='ocr_par' dir='ltr' id='par_1_7' title="bbox 1137 1173 1261 1220">
     <span class='ocr_line' id='line_1_13' title="bbox 1137 1173 1261 1220; baseline 0.008 -1"><span class='ocrx_word' id='word_1_66' title='bbox 1137 1173 1261 1220; x_wconf 93' lang='lat' dir='ltr'>VIII</span> 
     </span>
    </p>
   </div>
   <div class='ocr_carea' id='block_1_7' title="bbox 942 1297 1453 1328">
    <p class='ocr_par' dir='ltr' id='par_1_8' title="bbox 942 1297 1453 1328">
     <span class='ocr_line' id='line_1_14' title="bbox 942 1297 1453 1328; baseline 0 0"><span class='ocrx_word' id='word_1_67' title='bbox 942 1297 1115 1328; x_wconf 84' lang='lat' dir='ltr'>CICERO</span> <span class='ocrx_word' id='word_1_68' title='bbox 1150 1297 1322 1327; x_wconf 81' lang='lat' dir='ltr'>ATTICO</span> <span class='ocrx_word' id='word_1_69' title='bbox 1357 1297 1453 1328; x_wconf 85' lang='lat' dir='ltr'><strong>SAL.</strong></span> 
     </span>
    </p>
   </div>
   <div class='ocr_carea' id='block_1_8' title="bbox 461 1388 1943 2321">
    <p class='ocr_par' dir='ltr' id='par_1_9' title="bbox 461 1388 1943 2321">
     <span class='ocr_line' id='line_1_15' title="bbox 525 1388 1941 1453; baseline 0.001 -17"><span class='ocrx_word' id='word_1_70' title='bbox 525 1389 569 1437; x_wconf 94' lang='lat' dir='ltr'>O</span> <span class='ocrx_word' id='word_1_71' title='bbox 595 1406 699 1436; x_wconf 90' lang='lat' dir='ltr'>rem</span> <span class='ocrx_word' id='word_1_72' title='bbox 725 1396 926 1453; x_wconf 78' lang='lat' dir='ltr'>turpem</span> <span class='ocrx_word' id='word_1_73' title='bbox 952 1396 1004 1436; x_wconf 93' lang='lat' dir='ltr'>et</span> <span class='ocrx_word' id='word_1_74' title='bbox 1031 1405 1092 1435; x_wconf 91' lang='lat' dir='ltr'>ea</span> <span class='ocrx_word' id='word_1_75' title='bbox 1115 1405 1168 1435; x_wconf 92' lang='lat' dir='ltr'>re</span> <span class='ocrx_word' id='word_1_76' title='bbox 1194 1389 1453 1435; x_wconf 86' lang='lat' dir='ltr'>miseram!</span> <span class='ocrx_word' id='word_1_77' title='bbox 1497 1388 1576 1435; x_wconf 92' lang='lat' dir='ltr'>Sic</span> <span class='ocrx_word' id='word_1_78' title='bbox 1602 1393 1733 1436; x_wconf 90' lang='lat' dir='ltr'>enim</span> <span class='ocrx_word' id='word_1_79' title='bbox 1761 1393 1941 1445; x_wconf 79' lang='lat' dir='ltr'>sentin,</span> 
     </span>
     <span class='ocr_line' id='line_1_16' title="bbox 466 1475 1941 1541; baseline 0.001 -19"><span class='ocrx_word' id='word_1_80' title='bbox 466 1477 513 1523; x_wconf 86' lang='lat' dir='ltr'>id</span> <span class='ocrx_word' id='word_1_81' title='bbox 551 1477 752 1523; x_wconf 90' lang='lat' dir='ltr'>demum</span> <span class='ocrx_word' id='word_1_82' title='bbox 791 1483 879 1523; x_wconf 88' lang='lat' dir='ltr'>aut</span> <span class='ocrx_word' id='word_1_83' title='bbox 910 1478 1076 1539; x_wconf 89' lang='lat' dir='ltr'>potius</span> <span class='ocrx_word' id='word_1_84' title='bbox 1107 1475 1158 1522; x_wconf 90' lang='lat' dir='ltr'>id</span> <span class='ocrx_word' id='word_1_85' title='bbox 1189 1475 1347 1522; x_wconf 83' lang='lat' dir='ltr'>solum</span> <span class='ocrx_word' id='word_1_86' title='bbox 1379 1492 1488 1522; x_wconf 90' lang='lat' dir='ltr'>esse</span> <span class='ocrx_word' id='word_1_87' title='bbox 1519 1479 1775 1533; x_wconf 88' lang='lat' dir='ltr'>miserum,</span> <span class='ocrx_word' id='word_1_88' title='bbox 1806 1477 1941 1541; x_wconf 90' lang='lat' dir='ltr'>quod</span> 
     </span>
     <span class='ocr_line' id='line_1_17' title="bbox 464 1562 1941 1627; baseline 0.002 -18"><span class='ocrx_word' id='word_1_89' title='bbox 464 1571 610 1626; x_wconf 87' lang='lat' dir='ltr'>turpe</span> <span class='ocrx_word' id='word_1_90' title='bbox 627 1566 705 1610; x_wconf 91' lang='lat' dir='ltr'>sit.</span> <span class='ocrx_word' id='word_1_91' title='bbox 739 1563 950 1610; x_wconf 87' lang='lat' dir='ltr'>Aluerat</span> <span class='ocrx_word' id='word_1_92' title='bbox 967 1562 1263 1618; x_wconf 82' lang='lat' dir='ltr'>Caesarem3</span> <span class='ocrx_word' id='word_1_93' title='bbox 1297 1562 1515 1610; x_wconf 90' lang='lat' dir='ltr'>eundem</span> <span class='ocrx_word' id='word_1_94' title='bbox 1531 1570 1743 1627; x_wconf 90' lang='lat' dir='ltr'>repente</span> <span class='ocrx_word' id='word_1_95' title='bbox 1759 1567 1941 1612; x_wconf 86' lang='lat' dir='ltr'>timere</span> 
     </span>
     <span class='ocr_line' id='line_1_18' title="bbox 461 1649 1943 1714; baseline 0.001 -17"><span class='ocrx_word' id='word_1_96' title='bbox 461 1657 714 1714; x_wconf 90' lang='lat' dir='ltr'>coeperat,</span> <span class='ocrx_word' id='word_1_97' title='bbox 751 1650 1092 1697; x_wconf 91' lang='lat' dir='ltr'>condicionem</span> <span class='ocrx_word' id='word_1_98' title='bbox 1131 1652 1267 1713; x_wconf 85' lang='lat' dir='ltr'>pacis</span> <span class='ocrx_word' id='word_1_99' title='bbox 1304 1649 1491 1697; x_wconf 90' lang='lat' dir='ltr'>nullam</span> <span class='ocrx_word' id='word_1_100' title='bbox 1529 1651 1783 1713; x_wconf 86' lang='lat' dir='ltr'>probarat,</span> <span class='ocrx_word' id='word_1_101' title='bbox 1822 1650 1943 1699; x_wconf 87' lang='lat' dir='ltr'>nihil</span> 
     </span>
     <span class='ocr_line' id='line_1_19' title="bbox 463 1734 1942 1800; baseline 0.001 -16"><span class='ocrx_word' id='word_1_102' title='bbox 463 1738 527 1784; x_wconf 90' lang='lat' dir='ltr'>ad</span> <span class='ocrx_word' id='word_1_103' title='bbox 535 1737 722 1784; x_wconf 92' lang='lat' dir='ltr'>bellum</span> <span class='ocrx_word' id='word_1_104' title='bbox 731 1744 949 1800; x_wconf 88' lang='lat' dir='ltr'>pararat,</span> <span class='ocrx_word' id='word_1_105' title='bbox 959 1738 1135 1784; x_wconf 92' lang='lat' dir='ltr'>urbem</span> <span class='ocrx_word' id='word_1_106' title='bbox 1151 1736 1442 1800; x_wconf 85' lang='lat' dir='ltr'>reliquerat,</span> <span class='ocrx_word' id='word_1_107' title='bbox 1457 1734 1694 1784; x_wconf 90' lang='lat' dir='ltr'>Picenum</span> <span class='ocrx_word' id='word_1_108' title='bbox 1707 1740 1942 1786; x_wconf 84' lang='lat' dir='ltr'>amiserat</span> 
     </span>
     <span class='ocr_line' id='line_1_20' title="bbox 461 1823 1940 1889; baseline 0.001 -18"><span class='ocrx_word' id='word_1_109' title='bbox 461 1824 623 1887; x_wconf 87' lang='lat' dir='ltr'>culpa,</span> <span class='ocrx_word' id='word_1_110' title='bbox 650 1827 700 1870; x_wconf 91' lang='lat' dir='ltr'>in</span> <span class='ocrx_word' id='word_1_111' title='bbox 728 1823 962 1887; x_wconf 86' lang='lat' dir='ltr'>Apuliam</span> <span class='ocrx_word' id='word_1_112' title='bbox 991 1840 1044 1871; x_wconf 90' lang='lat' dir='ltr'>se</span> <span class='ocrx_word' id='word_1_113' title='bbox 1071 1831 1414 1889; x_wconf 86' lang='lat' dir='ltr'>compegerat,</span> <span class='ocrx_word' id='word_1_114' title='bbox 1443 1824 1550 1871; x_wconf 87' lang='lat' dir='ltr'>ibat</span> <span class='ocrx_word' id='word_1_115' title='bbox 1577 1826 1629 1871; x_wconf 93' lang='lat' dir='ltr'>in</span> <span class='ocrx_word' id='word_1_116' title='bbox 1658 1824 1940 1882; x_wconf 89' lang='lat' dir='ltr'>Graeciam,</span> 
     </span>
     <span class='ocr_line' id='line_1_21' title="bbox 462 1913 1942 1975; baseline 0 -16"><span class='ocrx_word' id='word_1_117' title='bbox 462 1928 634 1959; x_wconf 90' lang='lat' dir='ltr'>omnes</span> <span class='ocrx_word' id='word_1_118' title='bbox 677 1927 764 1958; x_wconf 90' lang='lat' dir='ltr'>nos</span> <span class='ocrx_word' id='word_1_119' title='bbox 801 1913 1211 1975; x_wconf 84' lang='grc' dir='ltr'>ἀπροσφωνήτους,</span> <span class='ocrx_word' id='word_1_120' title='bbox 1250 1917 1486 1974; x_wconf 83' lang='lat' dir='ltr'>expertes</span> <span class='ocrx_word' id='word_1_121' title='bbox 1532 1913 1604 1958; x_wconf 90' lang='lat' dir='ltr'>sui</span> <span class='ocrx_word' id='word_1_122' title='bbox 1644 1914 1796 1968; x_wconf 85' lang='lat' dir='ltr'>tanti,</span> <span class='ocrx_word' id='word_1_123' title='bbox 1834 1919 1942 1959; x_wconf 89' lang='lat' dir='ltr'>tam</span> 
     </span>
     <span class='ocr_line' id='line_1_22' title="bbox 462 1997 1941 2061; baseline 0.001 -17"><span class='ocrx_word' id='word_1_124' title='bbox 462 2001 684 2045; x_wconf 90' lang='lat' dir='ltr'>inusitati</span> <span class='ocrx_word' id='word_1_125' title='bbox 726 1997 911 2045; x_wconf 91' lang='lat' dir='ltr'>consilii</span> <span class='ocrx_word' id='word_1_126' title='bbox 956 1997 1287 2061; x_wconf 87' lang='lat' dir='ltr'>relinquebat.</span> <span class='ocrx_word' id='word_1_127' title='bbox 1357 1997 1489 2045; x_wconf 87' lang='lat' dir='ltr'>Ecce</span> <span class='ocrx_word' id='word_1_128' title='bbox 1532 1999 1698 2045; x_wconf 88' lang='lat' dir='ltr'>subito</span> <span class='ocrx_word' id='word_1_129' title='bbox 1741 1997 1941 2046; x_wconf 87' lang='lat' dir='ltr'>litterae</span> 
     </span>
     <span class='ocr_line' id='line_1_23' title="bbox 464 2083 1937 2148; baseline 0.001 -17"><span class='ocrx_word' id='word_1_130' title='bbox 464 2085 652 2131; x_wconf 87' lang='lat' dir='ltr'>Domiti</span> <span class='ocrx_word' id='word_1_131' title='bbox 690 2085 752 2132; x_wconf 90' lang='lat' dir='ltr'>ad</span> <span class='ocrx_word' id='word_1_132' title='bbox 785 2084 940 2141; x_wconf 90' lang='lat' dir='ltr'>illum,</span> <span class='ocrx_word' id='word_1_133' title='bbox 974 2088 1126 2148; x_wconf 91' lang='lat' dir='ltr'>ipsius</span> <span class='ocrx_word' id='word_1_134' title='bbox 1161 2084 1226 2131; x_wconf 87' lang='lat' dir='ltr'>ad</span> <span class='ocrx_word' id='word_1_135' title='bbox 1257 2083 1498 2131; x_wconf 90' lang='lat' dir='ltr'>consules.</span> <span class='ocrx_word' id='word_1_136' title='bbox 1570 2083 1784 2132; x_wconf 85' lang='lat' dir='ltr'>Fulsisse</span> <span class='ocrx_word' id='word_1_137' title='bbox 1819 2085 1937 2132; x_wconf 90' lang='lat' dir='ltr'>mihi</span> 
     </span>
     <span class='ocr_line' id='line_1_24' title="bbox 466 2170 1940 2220; baseline 0.002 -4"><span class='ocrx_word' id='word_1_138' title='bbox 466 2171 726 2218; x_wconf 87' lang='lat' dir='ltr'>videbatur</span> <span class='ocrx_word' id='word_1_139' title='bbox 758 2174 811 2220; x_wconf 85' lang='grc' dir='ltr'>τὸ</span> <span class='ocrx_word' id='word_1_140' title='bbox 843 2174 985 2220; x_wconf 89' lang='grc' dir='ltr'>καλὸν</span> <span class='ocrx_word' id='word_1_141' title='bbox 1013 2171 1076 2218; x_wconf 87' lang='lat' dir='ltr'>ad</span> <span class='ocrx_word' id='word_1_142' title='bbox 1103 2170 1269 2218; x_wconf 86' lang='lat' dir='ltr'>oculos</span> <span class='ocrx_word' id='word_1_143' title='bbox 1298 2174 1403 2218; x_wconf 90' lang='lat' dir='ltr'>eius</span> <span class='ocrx_word' id='word_1_144' title='bbox 1431 2178 1485 2218; x_wconf 89' lang='lat' dir='ltr'>et</span> <span class='ocrx_word' id='word_1_145' title='bbox 1513 2170 1820 2220; x_wconf 85' lang='lat' dir='ltr'>exclamasse</span> <span class='ocrx_word' id='word_1_146' title='bbox 1858 2172 1940 2219; x_wconf 90' lang='lat' dir='ltr'>ille</span> 
     </span>
     <span class='ocr_line' id='line_1_25' title="bbox 466 2258 1019 2321; baseline 0.004 -18"><span class='ocrx_word' id='word_1_147' title='bbox 466 2260 552 2314; x_wconf 91' lang='lat' dir='ltr'>vir,</span> <span class='ocrx_word' id='word_1_148' title='bbox 576 2261 658 2321; x_wconf 93' lang='lat' dir='ltr'>qui</span> <span class='ocrx_word' id='word_1_149' title='bbox 684 2274 791 2305; x_wconf 91' lang='lat' dir='ltr'>esse</span> <span class='ocrx_word' id='word_1_150' title='bbox 815 2258 1019 2305; x_wconf 88' lang='lat' dir='ltr'>debuit:</span> 
     </span>
    </p>
   </div>
   <div class='ocr_carea' id='block_1_9' title="bbox 727 2385 1676 2624">
    <p class='ocr_par' dir='ltr' id='par_1_10' title="bbox 727 2385 1676 2624">
     <span class='ocr_line' id='line_1_26' title="bbox 734 2385 1676 2451; baseline 0.002 -18"><span class='ocrx_word' id='word_1_151' title='bbox 734 2388 860 2448; x_wconf 86' lang='grc' dir='ltr'>Πρὸς</span> <span class='ocrx_word' id='word_1_152' title='bbox 882 2385 1006 2436; x_wconf 79' lang='grc' dir='ltr'>ταῦθ’</span> <span class='ocrx_word' id='word_1_153' title='bbox 1031 2387 1056 2434; x_wconf 87' lang='grc' dir='ltr'>ὅ</span> <span class='ocrx_word' id='word_1_154' title='bbox 1078 2408 1122 2434; x_wconf 87' lang='grc' dir='ltr'>τι</span> <span class='ocrx_word' id='word_1_155' title='bbox 1143 2388 1235 2451; x_wconf 83' lang='grc' dir='ltr'>χρὴ</span> <span class='ocrx_word' id='word_1_156' title='bbox 1260 2386 1333 2434; x_wconf 85' lang='grc' dir='ltr'>καὶ</span> <span class='ocrx_word' id='word_1_157' title='bbox 1355 2387 1676 2441; x_wconf 82' lang='grc' dir='ltr'>παλαμάσθων</span> 
     </span>
     <span class='ocr_line' id='line_1_27' title="bbox 734 2471 1545 2534; baseline 0.002 -14"><span class='ocrx_word' id='word_1_158' title='bbox 734 2473 806 2520; x_wconf 84' lang='grc' dir='ltr'>καὶ</span> <span class='ocrx_word' id='word_1_159' title='bbox 829 2472 963 2521; x_wconf 83' lang='grc' dir='ltr'>πάντ’</span> <span class='ocrx_word' id='word_1_160' title='bbox 987 2471 1054 2520; x_wconf 79' lang='grc' dir='ltr'>ἐπ’</span> <span class='ocrx_word' id='word_1_161' title='bbox 1079 2473 1179 2534; x_wconf 80' lang='grc' dir='ltr'>ἐμοὶ</span> <span class='ocrx_word' id='word_1_162' title='bbox 1201 2474 1545 2522; x_wconf 83' lang='grc' dir='ltr'>τεκταινέσθων.</span> 
     </span>
     <span class='ocr_line' id='line_1_28' title="bbox 727 2559 1231 2624; baseline 0.002 -17"><span class='ocrx_word' id='word_1_163' title='bbox 727 2561 780 2607; x_wconf 82' lang='grc' dir='ltr'>τὸ</span> <span class='ocrx_word' id='word_1_164' title='bbox 803 2561 892 2624; x_wconf 81' lang='grc' dir='ltr'><strong><em>’γὰρ</em></strong></span> <span class='ocrx_word' id='word_1_165' title='bbox 918 2559 965 2606; x_wconf 77' lang='grc' dir='ltr'>εὖ</span> <span class='ocrx_word' id='word_1_166' title='bbox 985 2559 1084 2621; x_wconf 75' lang='grc' dir='ltr'>μετ’</span> <span class='ocrx_word' id='word_1_167' title='bbox 1110 2564 1231 2622; x_wconf 82' lang='grc' dir='ltr'>ἐμοῦ.</span> 
     </span>
    </p>
   </div>
   <div class='ocr_carea' id='block_1_10' title="bbox 472 2673 552 2703">
    <p class='ocr_par' dir='ltr' id='par_1_11' title="bbox 472 2673 552 2703">
     <span class='ocr_line' id='line_1_29' title="bbox 472 2673 552 2703; baseline 0.013 -1"><span class='ocrx_word' id='word_1_168' title='bbox 472 2673 552 2703; x_wconf 89' lang='grc' dir='ltr'>Ῑ22</span> 
     </span>
    </p>
   </div>
  </div>
 </body>
</html>
