1942 3022
618 221 900 269 MARCUS
945 222 1244 270 TULLIUS
1291 221 1546 270 CICERO

340 351 541 399 adferre
565 354 807 397 maiorem
831 354 1009 398 sentio.
1081 351 1217 398 Date
1242 354 1396 415 igitur
1420 367 1643 414 operam,
1667 357 1726 399 ut
1749 367 1832 398 va-

341 426 502 472 leatis.
573 425 652 472 De
675 425 857 471 Tirone
881 425 1027 471 video
1050 426 1144 472 tibi
1166 441 1316 472 curae
1341 440 1466 472 esse.
1535 424 1702 484 Quem
1725 427 1832 489 qui-

338 500 455 546 dem
486 516 598 563 ego,
629 502 724 546 etsi
754 499 992 545 mirabilis
1024 499 1274 546 utilitates
1303 498 1425 545 mihi
1454 499 1687 562 praebet,
1716 515 1832 546 cum

338 573 490 629 valet,
518 576 570 619 in
600 575 734 619 omni
763 589 952 636 genere
982 573 1061 620 vel
1090 576 1412 637 negotiorum
1441 572 1521 620 vel
1549 572 1832 620 studiorum

336 663 581 701 meorum,
608 653 783 693 tamen
808 653 1016 709 propter
1042 645 1418 693 humanitatem
1445 653 1498 693 et
1525 645 1830 693 modestiam

337 720 469 767 malo
489 720 680 767 salvum
701 737 854 783 quam
873 727 1081 783 propter
1102 737 1247 767 usum
1268 737 1454 767 meum.
1525 718 1827 784 Philogenes

337 811 536 840 mecum
569 793 691 839 nihil
723 810 965 857 umquam
998 794 1062 840 de
1097 793 1345 841 Luscenio
1377 794 1574 841 locutus
1608 800 1715 848 est3
1766 793 1831 840 de

338 871 519 915 ceteris
547 869 697 914 rebus
725 867 882 914 habes
912 868 1228 931 Dionysium.
1297 867 1530 915 Sororem
1557 874 1702 914 tuam
1729 883 1830 914 non

338 945 532 989 venisse
550 944 601 987 in
620 942 876 988 Arcanum
894 944 1060 988 miror.
1130 942 1211 988 De
1229 941 1509 1006 Chrysippo
1527 958 1700 988 meum
1715 957 1830 988 con·

337 1017 501 1063 silium
526 1016 726 1079 probari
750 1017 845 1063 tibi
871 1032 972 1062 non
996 1015 1210 1062 moleste
1237 1014 1359 1062 fero.
1429 1015 1539 1079 Ego
1564 1018 1616 1062 in
1641 1014 1830 1062 Tuscu-

340 1091 511 1138 lanum
535 1089 657 1136 nihil
676 1106 797 1136 sane
821 1088 916 1136 hoc
940 1097 1199 1152 tempore3
1236 1089 1439 1136 devium
1465 1096 1543 1136 est
1566 1091 1662 1141 τοῖς
1688 1093 1832 1137 ἀπαν-

335 1169 477 1213 τῶσιν
515 1171 569 1211 et
614 1162 772 1210 habet
810 1162 907 1209 alia
943 1163 1234 1227 δύσχρηστα.
1321 1162 1422 1210 Sed
1459 1163 1523 1209 de
1563 1163 1830 1210 Formiano

336 1238 658 1285 Tarracinam
683 1237 844 1300 pridie
874 1237 985 1283 Kal.
1017 1237 1123 1284 Ian.
1195 1236 1321 1284 Inde
1350 1235 1672 1300 Pomptinam
1699 1253 1830 1283 sum-

337 1329 490 1368 mam,
523 1311 640 1358 inde
673 1314 726 1357 in
759 1310 1014 1358 Albanum
1048 1309 1272 1374 Pompei.
1343 1311 1425 1358 Ita
1459 1311 1523 1358 ad
1557 1311 1736 1358 urbem
1770 1326 1828 1357 111

339 1386 508 1433 Nonas
533 1385 689 1433 natali
713 1402 841 1432 meo.

403 1461 483 1507 De
526 1476 581 1506 re
623 1459 824 1523 publica
866 1459 1051 1506 cotidie
1094 1462 1255 1524 magis
1298 1462 1470 1507 timeo.
1541 1459 1653 1507 Non
1698 1462 1833 1507 enim

337 1534 473 1589 boni,
500 1540 558 1580 ut
582 1540 785 1596 putant,
811 1536 1150 1580 consentiunt.
1221 1533 1358 1592 Quos
1386 1550 1481 1597 ego
1509 1537 1708 1597 equites
1734 1533 1830 1581 Ro-

337 1623 528 1663 manos,
555 1623 679 1670 quos
705 1613 963 1655 senatores
990 1607 1108 1662 vidi,
1136 1610 1220 1670 qui
1249 1610 1493 1654 acerrime
1519 1623 1635 1655 cum
1659 1614 1832 1655 cetera

337 1688 449 1728 tum
478 1680 573 1727 hoc
602 1683 700 1727 iter
732 1678 939 1743 Pompei
972 1681 1344 1743 vituperarent!
1416 1679 1546 1729 Pace
1578 1698 1702 1745 opus
1735 1688 1827 1728 est.

339 1755 417 1801 Ex
443 1757 652 1801 victoria
678 1771 793 1800 cum
819 1754 981 1801 multa
1006 1754 1140 1801 mala
1166 1761 1277 1801 tum
1304 1762 1444 1802 certe
1471 1762 1717 1820 tyrannus
1746 1771 1830 1802 ex-

338 1831 499 1875 sistet.
568 1827 669 1875 Sed
685 1827 811 1875 haee
828 1844 985 1891 prope
1005 1828 1141 1875 diem
1158 1845 1341 1875 coram.
1414 1830 1522 1876 Iam
1539 1829 1689 1894 plane
1707 1829 1827 1877 mihi

338 1903 501 1958 deest,
530 1902 664 1965 quod
692 1902 757 1949 ad
783 1910 836 1949 te
865 1903 1108 1958 scribam3
1154 1920 1248 1950 nec
1277 1906 1411 1950 enim
1441 1904 1504 1951 de
1531 1920 1586 1951 re
1613 1904 1831 1967 publica,

339 1976 474 2039 quod
498 1983 712 2039 uterque
737 1983 965 2023 nostrum
989 1980 1084 2024 scit
1109 1978 1306 2033 eadem,
1332 1985 1384 2025 et
1409 1978 1688 2026 domestica
1711 1986 1832 2026 nota

338 2057 456 2096 sunt
479 2050 736 2096 ambobus.

404 2123 672 2186 Reliquum
695 2131 772 2170 est
795 2126 963 2180 iocari,
986 2127 1024 2171 si
1048 2123 1128 2171 hic
1151 2128 1297 2171 sinat.
1369 2125 1498 2172 Nam
1522 2142 1618 2190 ego
1639 2128 1679 2173 is
1703 2143 1830 2182 sum,

341 2201 424 2260 qui
463 2197 532 2243 illi
572 2197 778 2244 concedi
818 2205 995 2260 putem
1035 2198 1206 2245 utilius
1248 2216 1375 2256 esse,
1415 2199 1551 2263 quod
1589 2200 1830 2263 postulat,

340 2287 492 2333 quam
517 2274 659 2334 signa
682 2270 911 2318 conferri.
980 2271 1101 2319 Sero
1127 2276 1261 2319 enim
1285 2276 1563 2320 resistimus
1588 2277 1653 2329 ei,
1677 2290 1830 2337 quem

340 2361 430 2407 per
457 2361 611 2391 annos
639 2344 815 2391 decem
843 2345 1054 2392 aluimus
1080 2354 1256 2392 contra
1282 2363 1386 2393 nos.
1457 2346 1483 2363 “
1510 2347 1645 2406 Quid
1672 2351 1829 2395 sentis

340 2418 528 2482 igitur?
554 2417 581 2433 ’⁹
610 2421 788 2481 inquis.
859 2418 993 2465 Nihil
1021 2420 1212 2467 seilicet
1242 2423 1332 2467 nisi
1364 2420 1426 2467 de
1458 2423 1713 2468 sententia
1741 2427 1830 2468 tua

343 2508 435 2538 nec
462 2495 596 2555 prius
625 2492 846 2555 quidem,
875 2509 1026 2556 quam
1055 2501 1280 2540 nostrum
1309 2498 1571 2558 negotium
1599 2502 1687 2541 aut
1715 2511 1825 2541 con—

344 2628 402 2673 34
