1988 3008
43 661 140 709 Scr.
175 661 373 709 Formiis

51 729 96 776 V
118 728 189 775 Id.
224 728 372 776 Mart.

46 814 89 842 a.
118 795 211 845 705

678 270 960 318 MARCUS
1004 269 1304 319 TULLIUS
1354 269 1606 317 CICERO

1104 457 1175 504 VI

883 571 1057 602 CICERO
1092 570 1266 601 ATTICO
1300 570 1397 601 SAL.

460 654 562 701 Nos
594 653 757 701 adhuc
787 653 1050 700 Brundisio
1081 651 1218 699 nihil.
1288 652 1448 698 Roma
1477 655 1673 716 scripsit
1703 651 1888 698 Balbus

397 739 578 795 putare
598 735 699 777 iam
722 730 998 778 Lentulum
1017 729 1275 777 consulem
1295 732 1587 786 tramisisse,
1608 746 1701 776 nec
1722 746 1839 776 eum
1860 745 1889 775 a

398 811 589 855 minore
628 807 786 855 Balbo
823 813 1146 863 conventum,
1185 806 1320 870 quod
1358 809 1398 853 is
1435 805 1530 853 hoc
1566 809 1667 853 iam
1705 805 1885 852 Canusi

400 885 651 940 audisset;
707 885 825 931 inde
866 884 931 931 ad
970 900 1022 931 se
1063 901 1179 931 eum
1219 886 1500 947 scripsisse;
1556 882 1888 946 cohortesque

402 979 508 1019 sex,
548 979 679 1026 quae
719 961 882 1009 Albae
922 960 1154 1017 fuissent,
1194 960 1259 1007 ad
1298 959 1504 1007 Curium
1544 963 1624 1007 via
1665 959 1891 1006 Minucia

400 1043 667 1094 transisse;
729 1039 780 1086 id
823 1038 1092 1085 Caesarem
1136 1038 1201 1085 ad
1244 1054 1297 1084 se
1341 1040 1612 1101 scripsisse,
1656 1044 1709 1084 et
1751 1037 1888 1084 brevi

401 1125 631 1180 tempore
674 1132 791 1163 eum
834 1116 898 1163 ad
939 1117 1117 1162 urbem
1158 1114 1400 1162 futurum.
1469 1114 1605 1178 Ergo
1647 1121 1762 1161 utar
1801 1120 1891 1160 tuo

401 1194 604 1241 consilio
625 1210 792 1257 neque
813 1210 895 1240 me
917 1194 1165 1256 Arpinum
1186 1191 1280 1238 hoc
1301 1199 1532 1255 tempore
1554 1191 1756 1247 abdam,
1778 1193 1890 1247 etsi,

402 1271 629 1318 Ciceroni
654 1288 770 1317 meo
796 1277 970 1334 togam
995 1286 1175 1333 puram
1200 1285 1314 1316 cum
1341 1269 1462 1315 dare
1489 1269 1668 1332 Arpini
1694 1267 1891 1324 vellem,

401 1347 530 1395 hanc
569 1364 707 1395 eram
745 1351 904 1411 ipsam
945 1349 1325 1394 excusationem
1364 1346 1627 1392 relicturus
1665 1345 1731 1392 ad
1768 1345 1891 1392 Cae-

402 1442 580 1473 sarem.
649 1424 751 1472 Sed
782 1424 994 1471 fortasse
1026 1427 1078 1470 in
1110 1439 1171 1470 eo
1201 1426 1309 1486 ipso
1342 1421 1643 1479 offendetur,
1674 1439 1762 1470 cur
1791 1439 1891 1469 non

402 1503 592 1550 Romae
625 1505 807 1566 potius.
877 1502 952 1547 Ac
984 1508 1176 1556 tamen,
1209 1503 1247 1546 si
1282 1507 1358 1546 est
1391 1499 1782 1556 conveniendus,
1812 1498 1893 1546 hic

403 1582 732 1644 potissimum.
801 1578 930 1624 Tum
961 1577 1156 1641 reliqua
1186 1576 1484 1632 videbimus,
1515 1576 1567 1623 id
1598 1583 1677 1623 est
1708 1583 1762 1623 et
1793 1593 1893 1641 quo

403 1665 457 1704 et
481 1673 582 1720 qua
607 1662 660 1703 et
686 1655 903 1719 quando.

468 1734 741 1789 Domitius,
773 1739 830 1779 ut
862 1731 1029 1788 audio,
1060 1734 1111 1777 in
1143 1730 1338 1778 Cosano
1370 1738 1466 1787 est,
1498 1737 1551 1778 et
1582 1731 1805 1795 quidem,
1836 1738 1894 1779 ut

404 1815 563 1867 aiunt,
590 1817 797 1874 paratus
826 1809 890 1855 ad
917 1808 1277 1871 navigandum,
1305 1811 1343 1854 si
1371 1811 1423 1854 in
1451 1807 1766 1871 Hispaniam,
1794 1825 1892 1855 non

403 1890 577 1952 probo,
615 1890 655 1933 si
694 1886 758 1933 ad
797 1886 1048 1940 Gnaeum,
1087 1885 1264 1939 laudo;
1321 1887 1493 1948 quovis
1531 1888 1699 1948 potius
1736 1892 1894 1942 certe,

405 1983 556 2029 quam
577 1972 634 2011 ut
655 1963 885 2010 Curtium
908 1962 1095 2019 videat,
1117 1978 1268 2025 quem
1291 1978 1386 2026 ego
1406 1969 1648 2026 patronus
1670 1965 1892 2026 aspicere

404 2060 503 2090 non
529 2057 746 2106 possum.
816 2039 952 2098 Quid
978 2039 1132 2085 alios?
1201 2037 1318 2094 Sed,
1344 2041 1536 2102 opinor,
1562 2041 1894 2102 quiescamus,

405 2137 468 2166 ne
495 2126 718 2166 nostram
745 2116 944 2180 culpam
970 2132 1319 2179 coarguamus,
1346 2118 1449 2179 qui,
1475 2115 1596 2162 dum
1622 2116 1818 2172 urbem,
1844 2115 1895 2163 id

406 2204 484 2244 est
512 2198 746 2260 patriam,
775 2209 1001 2240 amamus
1030 2192 1253 2255 dumque
1282 2207 1388 2238 rem
1416 2198 1778 2239 conventuram
1806 2209 1894 2256 pu·

405 2281 589 2328 tamus,
614 2274 688 2318 ita
712 2287 801 2317 nos
827 2272 1089 2334 gessimus,
1116 2275 1174 2316 ut
1198 2267 1348 2333 plane
1374 2267 1631 2316 interclusi
1656 2271 1894 2333 captique

405 2353 572 2397 simus.

470 2425 666 2489 Scripta
684 2427 785 2471 iam
806 2422 1022 2487 epistula
1043 2421 1216 2486 Capua
1235 2421 1438 2469 litterae
1459 2428 1578 2469 sunt
1598 2420 1782 2470 allatae
1802 2420 1894 2470 hoc

407 2501 668 2566 exemplo:
728 2498 1050 2563 “Pompeius
1090 2515 1227 2545 mare
1269 2501 1468 2546 transiit
1510 2515 1624 2545 cum
1666 2499 1894 2546 omnibus

406 2579 665 2634 militibus,
718 2594 842 2641 quos
894 2593 1064 2623 secum
1117 2574 1309 2622 habuit.
1380 2574 1476 2621 Hic
1529 2591 1766 2622 numerus
1818 2581 1895 2622 est

410 2684 496 2728 194
