1988 3008
719 215 1003 263 MARCUS
1047 215 1349 264 TULLIUS
1395 215 1647 264 CICERO

436 345 633 401 fecisse,
675 344 810 408 quod
850 348 902 391 in
941 352 1177 391 senatum
1217 361 1318 391 non
1359 347 1599 392 venerim.
1666 344 1925 393 Tamenne

436 412 745 467 dubitemus,
766 427 831 457 an
852 414 900 458 61
920 427 1008 458 1163
1032 415 1189 458 etiam
1209 427 1326 458 cum
1345 411 1569 474 periculo
1589 411 1925 468 venditemus,

437 482 640 541 quicum
667 480 919 525 coniuncti
947 494 1012 524 ne
1039 494 1154 524 cum
1188 481 1414 540 praemio
1443 477 1648 540 quidem
1681 477 1924 524 voluimus

437 544 583 591 esse?
651 544 852 591 Deinde
884 543 976 590 hoc
1010 544 1140 599 vide,
1173 561 1273 591 non
1305 560 1415 591 esse
1448 544 1687 591 iudicium
1718 544 1782 591 de
1812 551 1925 591 tota

436 614 762 658 contentione
793 614 844 656 in
877 610 1150 673 Hispaniis,
1182 614 1275 657 nisi
1306 610 1440 658 forte
1472 614 1530 657 iis
1562 613 1754 657 amissis
1785 626 1925 656 arma

438 676 735 740 Pompeium
767 677 1085 724 abiecturum
1116 685 1283 740 putas,
1314 680 1453 724 cuius
1486 693 1635 724 omne
1665 676 1925 724 consilium

436 743 861 791 Themistocleum
924 751 1018 791 est.
1086 743 1360 791 Existimat
1423 747 1576 800 enim,
1638 746 1724 807 qui
1784 759 1925 790 mare

436 817 632 866 teneat,
655 826 772 857 eum
793 826 1000 857 necesse
1022 826 1132 857 esse
1152 827 1323 857 rerum
1344 812 1512 873 potiri.
1579 809 1762 873 Itaque
1783 825 1926 856 num-

438 893 591 939 quam
612 876 665 923 id
687 880 811 940 egit,
833 884 890 923 ut
914 876 1189 939 Hispaniae
1210 893 1303 939 per
1322 893 1377 923 se
1398 883 1717 933 tenerentur,
1737 877 1924 923 navalis

437 950 709 1006 apparatus
746 946 792 990 ei
826 959 1029 1006 semper
1062 946 1410 1006 antiquissima
1443 960 1564 990 cura
1597 942 1709 990 fuit.
1778 942 1925 990 Navi-

437 1010 580 1073 gabit
612 1013 784 1073 igitur,
814 1026 930 1056 cum
961 1013 1060 1057 erit
1089 1017 1310 1073 tempus,
1339 1013 1572 1056 maximis
1602 1009 1840 1057 classibus
1871 1017 1926 1058 et

438 1076 504 1122 ad
538 1076 738 1122 Italiam
770 1076 995 1124 accedet.
1064 1076 1125 1122 In
1157 1093 1257 1140 qua
1288 1093 1376 1123 nos
1408 1076 1645 1124 sedentes
1678 1076 1799 1140 quid
1831 1080 1926 1123 eri-

438 1142 584 1188 mus?
620 1159 739 1188 nam
774 1143 964 1189 medios
1002 1159 1112 1190 esse
1148 1146 1249 1189 iam
1285 1159 1386 1190 non
1419 1143 1607 1190 licebit.
1674 1142 1924 1190 Classibus

438 1209 816 1256 adversabimur
836 1209 1025 1273 igitur?
1092 1209 1241 1268 Quod
1262 1213 1421 1256 maius
1436 1209 1596 1257 scelus
1620 1216 1710 1256 aut
1723 1216 1926 1256 tantum

438 1275 692 1339 denique?
727 1276 849 1339 quid
882 1275 1114 1339 turpius?
1149 1276 1348 1323 anuival
1383 1275 1529 1323 dehic
1564 1279 1617 1322 in
1663 1276 1885 1323 absentis
1905 1277 1924 1306 1

409 1377 413 1382 ⁴
437 1342 568 1388 solus
597 1342 690 1389 tuli
717 1342 898 1398 scelus,
926 1343 1152 1390 eiusdem
1179 1360 1295 1389 cum
1323 1342 1563 1405 Pompeio
1592 1350 1646 1390 et
1672 1359 1788 1390 cum
1813 1342 1925 1389 reli-

439 1412 548 1471 quis
601 1409 909 1471 principibus
963 1425 1063 1456 non
1115 1408 1312 1456 feram?
1379 1408 1571 1468 Quodsi
1623 1413 1724 1455 iam
1775 1413 1926 1456 misso

437 1475 596 1522 officio
634 1475 841 1538 periculi
877 1479 1006 1522 ratio
1043 1474 1278 1522 habenda
1316 1483 1411 1532 est,
1449 1476 1513 1522 ab
1549 1475 1642 1523 illis
1681 1483 1759 1523 est
1795 1480 1924 1539 peri-

437 1542 623 1597 culum,
649 1545 689 1588 si
717 1558 947 1604 peccaro,
974 1542 1038 1588 ab
1065 1541 1177 1598 hoc,
1203 1545 1243 1588 si
1270 1550 1411 1590 recte
1437 1541 1624 1598 fecero,
1650 1558 1744 1589 nec
1770 1542 1925 1589 ullum

440 1611 489 1654 in
523 1607 597 1654 his
632 1608 773 1654 malis
806 1608 1067 1655 consilium
1099 1609 1321 1671 periculo
1353 1625 1567 1655 vacuum
1598 1612 1807 1655 inveniri
1840 1626 1925 1672 po-

439 1682 561 1729 test,
598 1682 654 1720 ut
693 1691 793 1721 non
828 1678 894 1722 sit
931 1675 1158 1731 dubium,
1196 1679 1317 1738 quin
1352 1678 1574 1738 turpiter
1608 1674 1776 1722 facere
1811 1692 1926 1722 cum

439 1741 662 1803 periculo
683 1740 955 1804 fugiamus,
979 1741 1115 1804 quod
1136 1741 1427 1805 fugeremus
1445 1745 1600 1789 etiam
1615 1758 1729 1788 cum
1744 1742 1923 1790 salute.

441 1806 553 1853 Non
598 1811 638 1853 si
659 1807 678 1837 2
722 1807 870 1854 simul
914 1824 1030 1854 cum
1076 1807 1316 1871 Pompeio
1360 1825 1500 1855 mare
1543 1807 1925 1855 transierimus?

440 1873 659 1920 Omnino
697 1890 796 1921 non
834 1877 1104 1937 potuimus.
1172 1874 1357 1922 Exstat
1388 1878 1518 1922 ratio
1546 1874 1758 1925 dierum.
1825 1874 1925 1923 Sed

439 1939 932 1987 tamen—fateamur
957 1945 1110 1997 enim,
1135 1941 1270 2004 quod
1295 1948 1401 1988 est:
1447 1957 1511 1988 ne
1535 1941 1793 1988 condimus
1820 1945 1925 2005 qui-

439 2006 681 2053 dem—ut
711 2010 974 2069 possimus,
1004 2006 1187 2055 fefellit
1219 2023 1280 2054 ea
1310 2024 1392 2054 me
1422 2024 1520 2064 res,
1551 2023 1682 2071 quae
1712 2006 1925 2055 fortasse

440 2089 539 2118 non
568 2072 763 2127 debuit,
791 2073 882 2120 sed
910 2072 1107 2121 fefellit.
1177 2073 1359 2120 Pacem
1389 2077 1561 2137 putavi
1590 2073 1713 2121 fore.
1781 2073 1925 2133 Quae

438 2142 478 2186 si
500 2147 652 2195 esset,
669 2143 857 2186 iratum
876 2139 996 2186 mihi
1016 2140 1286 2187 Caesarem
1306 2157 1434 2196 esse,
1452 2157 1566 2187 cum
1585 2140 1719 2188 idem
1739 2145 1924 2188 amicus
1961 2188 1966 2202 ,v

499 2325 515 2350 ²
545 2324 630 2365 The
666 2331 745 2366 text
782 2326 873 2368 here
910 2328 950 2368 is
986 2327 1214 2379 hopelessly
1251 2335 1415 2379 corrupt
1451 2327 1537 2368 and
1573 2341 1628 2369 no
1664 2328 1926 2381 satisfactory
1953 2319 1957 2324 '¹

439 2378 700 2418 emendation
755 2379 830 2419 has
884 2380 981 2420 been
1034 2381 1167 2422 mdc.
1255 2382 1340 2422 The
1395 2382 1644 2423 translation
1697 2383 1807 2434 qives
1861 2383 1926 2425 the

441 2432 628 2482 probable
647 2445 775 2472 sense.

499 2485 516 2510 ³
544 2486 579 2524 si
596 2484 726 2526 added
743 2485 795 2536 by
815 2485 986 2537 Tyrrell.

440 2637 527 2682 302
