1988 3008
706 237 989 286 MARCUS
1033 236 1333 286 TULLIUS
1379 237 1631 286 CICERO

1139 427 1187 474 X

907 540 1082 570 CICERO
1116 539 1290 571 ATTICO
1325 540 1422 570 SAL.

70 620 166 667 Scr.
192 619 254 667 ad
485 621 663 669 Subito
695 620 955 668 consilium
987 623 1115 683 cepi,
1147 628 1223 677 ut,
1256 628 1532 684 antequam
1563 620 1775 677 luceret,
1807 622 1912 667 exi-

69 687 221 734 urbem
250 686 380 733 XIV
422 705 547 744 rem,
582 704 645 734 ne
681 691 766 750 qui
801 694 1100 750 conspectus
1135 687 1281 733 fieret
1316 695 1405 734 aut
1439 703 1620 742 sermo,
1652 687 1912 734 lictoribus

70 753 152 800 sub
173 760 343 800 noctem
421 757 720 818 praesertim
739 754 994 800 laureatis.
1064 754 1144 800 De
1165 753 1358 816 reliquo
1378 770 1545 817 neque
1565 753 1768 801 hercule
1790 753 1913 817 quid

71 827 149 866 aut
172 818 309 866 XIII
422 838 572 885 agam
589 837 756 883 neque
776 820 898 883 quid
915 827 1118 867 acturus
1137 823 1247 875 sim,
1265 822 1394 875 scio3
1429 823 1503 867 ita
1521 836 1631 867 sum
1648 821 1912 883 perturba-

72 893 175 933 ante
198 886 338 933 lucem
422 895 504 934 tus
529 890 824 934 temeritate
849 889 1008 934 nostri
1032 889 1362 933 amentissimi
1386 886 1591 933 consilii.
1657 887 1770 934 Tibi
1794 902 1912 933 vero

72 952 131 998 K.
163 952 294 999 Febr.
326 970 370 999 a.
423 954 545 1017 quid
562 954 820 1009 suadeam,
837 956 977 1000 cuius
994 956 1101 1016 ipse
1118 953 1380 999 consilium
1397 953 1672 1016 exspecto?
1707 953 1912 1000 Gnaeus

72 1020 164 1069 705
423 1028 594 1067 noster
618 1020 740 1083 quid
763 1019 951 1066 consilii
976 1022 1169 1082 ceperit
1192 1023 1441 1082 capiatve,
1465 1022 1649 1075 nesci0,
1675 1018 1838 1066 adhuc
1860 1022 1913 1066 in

423 1087 618 1150 oppidis
658 1093 913 1133 coartatus
955 1093 1009 1133 et
1049 1093 1273 1149 stupens.
1343 1085 1551 1142 Omnes,
1591 1089 1632 1132 si
1670 1088 1723 1132 in
1763 1085 1913 1133 Italia

422 1156 682 1208 consistat,
725 1156 908 1199 erimus
951 1167 1079 1208 una3
1138 1155 1214 1199 sin
1255 1152 1422 1207 cedet,
1463 1152 1653 1199 consilii
1695 1168 1773 1199 res
1816 1159 1910 1199 est.

423 1219 603 1266 Adhuc
622 1227 779 1275 certe,
799 1222 891 1265 nisi
913 1235 1008 1282 ego
1026 1221 1236 1274 insanio,
1257 1218 1411 1265 stulte
1432 1221 1600 1264 omnia
1619 1225 1672 1265 et
1691 1221 1910 1265 incaute.

421 1286 513 1338 Tu,
540 1303 744 1348 quaeso,
768 1287 943 1333 crebro
968 1286 1033 1332 ad
1055 1302 1137 1332 me
1162 1286 1340 1342 scribe,
1365 1285 1442 1332 vel
1468 1285 1604 1349 quod
1625 1287 1678 1331 in
1701 1285 1913 1332 buccam

425 1356 632 1399 venerit.

1130 1650 1206 1696 XI

909 1763 1083 1793 CICERO
1118 1762 1292 1793 ATTICO
1326 1761 1423 1793 SAL.

74 1843 170 1891 Scr.
195 1843 242 1890 z‘n
269 1844 401 1892 Cam-
489 1843 707 1902 Quaeso,
730 1843 849 1906 quid
871 1851 949 1890 est
969 1843 1096 1890 hoc?
1136 1850 1226 1890 aut
1246 1843 1367 1906 quid
1387 1842 1588 1907 agitur?
1629 1841 1757 1889 Mihi
1779 1845 1913 1890 enim

70 1911 214 1973 pania
236 1911 351 1958 inter
426 1912 670 1957 tenebrae
693 1918 825 1957 sunt.
896 1909 922 1926 “
949 1908 1270 1974 Cingulum,’'
1293 1913 1475 1972 inquit,
1498 1908 1525 1926 “
1550 1926 1640 1956 nos
1662 1916 1912 1965 tenemus,

77 1977 205 2024 XIV
228 1985 271 2024 et
297 1977 375 2023 IX
426 1978 689 2023 Anconem
718 1979 1000 2032 amisimus;
1048 1977 1301 2023 Labienus
1330 1976 1558 2023 discessit
1587 1993 1617 2022 a
1645 1974 1912 2023 Caesare.''

79 2043 134 2088 K.
169 2043 298 2090 Febr.
330 2061 373 2091 a.
428 2043 615 2090 Utrum
634 2043 697 2090 de
716 2046 1020 2105 imperatore
1039 2043 1210 2106 populi
1229 2042 1441 2089 Romani
1461 2059 1524 2088 an
1543 2042 1607 2089 de
1626 2042 1911 2090 Hannibale

80 2111 167 2159 705
430 2109 711 2172 loquimur?
779 2109 825 2157 O
860 2109 1116 2156 hominem
1153 2116 1410 2155 amentem
1446 2116 1500 2156 et
1534 2111 1790 2164 miserum,
1826 2112 1911 2172 qui

427 2192 490 2221 ne
538 2177 768 2222 umbram
816 2176 1020 2238 quidem
1075 2192 1316 2238 umquam
1369 2178 1451 2223 τοῦ
1504 2178 1650 2223 καλοῦ
1701 2175 1910 2222 viderit!

426 2242 599 2304 Atque
642 2241 767 2288 haec
811 2245 882 2289 ait
924 2244 1091 2288 omnia
1134 2241 1300 2288 facere
1343 2257 1396 2287 se
1440 2241 1702 2305 dignitatis
1744 2257 1909 2288 causa.

427 2307 529 2354 Ubi
549 2315 626 2354 est
645 2315 818 2354 autem
837 2308 1056 2372 dignitas
1074 2310 1166 2354 nisi
1186 2309 1270 2354 ubi
1288 2307 1560 2354 honestas?
1627 2307 1914 2355 Honestum

425 2377 580 2437 igitur
606 2374 794 2421 habere
824 2377 1104 2422 exercitum
1131 2374 1266 2420 nullo
1294 2373 1494 2436 publico
1521 2373 1742 2430 consilio,
1769 2390 1911 2420 occu·

425 2457 545 2502 pare
573 2441 720 2486 urbes
745 2443 944 2496 civium,
970 2457 1069 2503 quo
1093 2439 1283 2487 facilior
1308 2443 1373 2487 sit
1398 2440 1564 2487 aditus
1590 2440 1655 2487 ad
1677 2443 1913 2503 patriam,

423 2511 568 2569 χρεῶν
593 2509 843 2565 ἀποκοπάς,
866 2508 1083 2572 φυγάδων
1103 2508 1334 2566 καθόδους,
1359 2514 1590 2554 sescenta
1609 2506 1706 2553 alia
1724 2506 1914 2554 scelera

425 2571 603 2629 moliri,

427 2654 482 2700 52
