1988 3008
26 2319 123 2366 Ser.
154 2318 328 2366 Romae

33 2386 79 2434 V
91 2393 170 2433 aut
186 2386 267 2433 IV
282 2386 351 2431 Id.

27 2452 175 2500 Mart.
195 2469 238 2499 a.
262 2454 354 2503 705

659 236 943 285 MARCUS
987 237 1289 285 TULLIUS
1333 237 1586 286 CICERO

379 372 614 430 oportere
635 368 999 422 existimamus,
1019 373 1094 422 ut,
1114 365 1261 413 simul
1280 366 1493 414 Romam
1511 370 1726 424 venerit,
1746 375 1869 433 agat

379 433 444 480 de
466 432 871 480 reconciliatione
893 435 1090 497 gratiae
1113 449 1234 480 suae
1258 440 1312 480 et
1335 431 1561 497 Pompei,
1583 434 1636 481 id
1657 449 1775 482 eum
1797 433 1870 482 fa-

379 507 580 547 cturum
597 516 660 547 ex
676 502 784 563 ipso
799 502 1222 563 cognovissemus,
1238 499 1540 547 deberemus
1555 500 1575 530 1
1590 507 1644 548 te
1660 500 1868 558 hortari,

381 572 439 612 ut
471 565 625 613 velles
658 568 717 613 iis
750 566 901 613 rebus
934 568 1199 622 interesse,
1233 582 1333 629 quo
1366 565 1560 613 facilius
1595 574 1649 614 et
1680 570 1870 615 maiore

379 650 494 679 cum
526 632 778 697 dignitate
810 649 901 696 per
933 639 1005 689 te,
1041 635 1127 695 qui
1159 635 1361 696 utrique
1395 649 1448 680 es
1479 636 1757 691 coiunctu8,
1788 650 1869 682 res

379 706 492 746 tota
506 699 765 755 confieret,
780 706 886 755 aut,
900 702 939 745 si
954 715 1018 746 ex
1029 702 1280 746 contrario
1291 706 1587 763 putaremus
1600 699 1869 748 Caesarem

378 766 431 813 id
454 782 554 812 non
576 765 846 822 facturum,
871 772 924 812 et
948 768 1105 812 etiam
1127 765 1255 813 velle
1277 782 1393 813 cum
1417 764 1657 830 Pompeio
1680 766 1869 814 bellum

378 849 556 896 gerere
590 835 846 888 sciremus,
880 849 1158 895 numquam
1189 834 1283 880 tibi
1316 832 1659 890 suaderemus,
1692 840 1870 881 contra

378 898 635 945 hominem
667 901 858 962 optime
891 899 955 946 de
987 906 1042 946 te
1074 902 1313 946 meritum
1345 915 1485 946 arma
1515 899 1690 956 ferres,
1722 902 1870 947 sicuti

378 972 433 1012 te
465 982 665 1028 semper
696 969 962 1021 oravimus,
994 982 1059 1013 ne
1090 973 1267 1012 contra
1298 965 1567 1013 Caesarem
1597 983 1866 1030 pugnares.

377 1031 495 1088 Sed,
518 1049 633 1079 cum
656 1035 813 1079 etiam
834 1048 984 1088 nunc,
1007 1032 1130 1095 quid
1151 1031 1375 1079 facturus
1398 1032 1583 1080 Caesar
1605 1035 1687 1088 sit,
1709 1035 1870 1097 magis

377 1102 571 1162 opinari
594 1115 748 1162 quam
772 1101 899 1147 scire
922 1099 1208 1163 possimus,2
1231 1116 1333 1145 non
1355 1115 1619 1162 possumus
1643 1102 1735 1146 nisi
1758 1098 1870 1156 hoc,

377 1182 478 1212 non
512 1165 671 1212 videri
705 1182 819 1212 eam
852 1172 996 1212 tuam
1031 1182 1140 1213 esse
1175 1166 1481 1230 dignitatem
1514 1182 1682 1229 neque
1716 1165 1869 1213 fidem

376 1233 607 1279 omnibus
627 1235 901 1296 cognitam,
921 1239 979 1279 ut
997 1239 1173 1279 contra
1193 1232 1512 1289 alterutrum,
1529 1248 1645 1280 cum
1664 1235 1868 1295 utrique

378 1301 442 1345 sis
467 1301 687 1345 maxime
714 1302 1041 1354 necessarius,
1066 1315 1206 1346 arma
1229 1298 1379 1355 feras,
1405 1306 1459 1346 et
1482 1298 1578 1346 hoc
1601 1315 1703 1346 non
1727 1299 1869 1347 dubi-

379 1372 547 1411 tamus
581 1368 702 1428 quin
736 1365 921 1413 Caesar
952 1382 1043 1428 pro
1076 1382 1167 1412 sua
1198 1364 1517 1412 humanitate
1549 1368 1771 1414 maxime
1804 1368 1869 1412 sit

376 1432 694 1495 probaturus.
747 1432 850 1479 Nos
863 1438 1055 1487 tamen,
1069 1435 1108 1478 si
1124 1433 1218 1479 tibi
1235 1432 1504 1488 videbitur,
1519 1431 1584 1480 ad
1599 1431 1868 1480 Caesarem

377 1499 670 1554 scribemus,
692 1505 750 1545 ut
771 1515 860 1546 nos
881 1501 1120 1546 certiores
1141 1498 1313 1555 faciat,
1335 1498 1458 1561 quid
1476 1497 1571 1545 hac
1590 1515 1645 1546 re
1667 1505 1870 1546 acturus

378 1567 458 1611 sit.
528 1565 574 1611 A
614 1581 714 1628 quo
753 1567 793 1611 si
833 1568 930 1612 erit
968 1566 1110 1612 nobis
1149 1568 1466 1628 rescriptum,
1505 1567 1699 1621 statim,
1738 1581 1869 1628 quae

379 1633 674 1687 sentiemus,
709 1631 775 1678 ad
807 1638 862 1679 te
896 1632 1188 1687 scribemus,
1224 1638 1278 1678 et
1311 1632 1406 1678 tibi
1440 1631 1594 1679 fidem
1627 1631 1869 1679 faciemus

378 1714 468 1744 nos
501 1714 561 1744 ea
593 1697 823 1754 suadere,
855 1715 986 1762 quae
1019 1699 1160 1745 nobis
1192 1698 1427 1745 videntur
1457 1705 1579 1745 tuae
1611 1698 1868 1762 dignitati,

379 1781 479 1811 non
505 1764 730 1811 Caesaris
756 1767 940 1811 actioni
966 1781 1075 1812 esse
1100 1764 1380 1820 utilissima,
1406 1771 1459 1811 et
1482 1763 1576 1812 hoc
1601 1764 1869 1811 Caesarem

378 1847 467 1894 pro
495 1847 584 1878 sua
611 1830 926 1896 indulgentia
953 1834 1004 1878 in
1031 1848 1145 1879 suos
1172 1833 1503 1895 probaturum
1529 1838 1785 1895 putamus.

1053 2112 1187 2159 VIIb

758 2235 939 2266 BALBUS
973 2235 1203 2266 CICERONI
1242 2234 1346 2265 IMP.
1384 2234 1480 2266 SAL.

443 2324 489 2371 S.
516 2325 574 2372 V.
601 2325 656 2372 B.
726 2324 1066 2389 Posteaquam
1091 2326 1286 2373 litteras
1310 2342 1601 2373 communes
1624 2341 1739 2372 cum
1765 2325 1867 2389 Op-

380 2395 460 2455 pio
482 2393 546 2439 ad
567 2399 620 2440 te
641 2392 777 2449 dedi,
798 2393 862 2439 ab
884 2393 1099 2439 Caesare
1121 2392 1389 2456 epistulam
1411 2396 1600 2457 accepi,
1620 2396 1759 2440 cuius
1781 2409 1865 2439 ex-

725 2518 741 2543 ²
768 2517 1021 2558 deberemus
1042 2517 1174 2559 added
1197 2518 1248 2569 by
1273 2517 1503 2560 Lehmann.

718 2572 734 2596 ²
761 2573 974 2624 possimus
994 2571 1127 2614 added
1147 2572 1199 2623 by
1221 2571 1464 2614 Ascemiue.

378 2651 467 2696 208
