1988 3008
677 239 960 287 MARCUS
1005 241 1305 290 TULLIUS
1351 243 1602 291 CICERO

1042 441 1222 487 XXIII

874 552 1048 583 CICERO
1082 553 1256 584 ATTICO
1293 554 1390 585 SAL.

37 627 134 675 Scr.
170 627 217 675 in
251 628 366 675 For·
452 648 482 678 v
523 631 640 679 Idus
680 632 825 679 Febr.
868 637 1062 696 vesperi
1101 651 1130 680 a
1169 632 1437 682 Philotimo
1474 634 1669 682 litteras
1708 638 1879 699 accepi

37 694 189 742 mifflw
224 695 268 742 V
291 694 363 741 Id·
391 709 672 755 Domitium
699 713 979 756 exercitum
1004 710 1202 757 firmum
1225 710 1431 768 habere,
1455 711 1687 759 cohortes
1712 728 1775 759 ex
1801 710 1879 758 Pi-

36 760 328 875 Febrjssejss.
389 802 514 832 ceno
560 785 778 832 Lentulo
822 794 875 833 et
918 786 1136 833 Thermo
1180 787 1482 835 ducentibus
1525 805 1640 835 cum
1684 789 1879 836 Domiti

36 836 168 941 ἔζης
196 912 226 943 a
273 866 366 946 70'5
391 866 617 909 exercitu
648 865 940 910 coniunctas
974 880 1100 920 esse,
1133 863 1401 911 Caesarem
1434 864 1703 912 intercludi
1734 882 1879 928 posse

231 932 240 942 ⁶
392 956 609 1003 eumque
630 940 681 986 id
700 943 900 996 timere,
920 941 1164 987 bonorum
1187 944 1378 988 animos
1398 948 1652 988 recreatos
1670 941 1879 999 Romae,

388 1018 640 1080 improbos
671 1020 812 1080 quasi
850 1017 1120 1080 perculsos.
1191 1018 1332 1064 Haec
1362 1025 1536 1065 metuo
1558 1018 1796 1082 equidem
1815 1035 1879 1066 ne

387 1098 489 1141 sint
512 1097 721 1150 somnia,
744 1094 834 1141 sed
856 1101 1031 1140 tamen
1056 1093 1147 1140 Μ’.
1175 1094 1442 1158 Lepidum,
1467 1094 1524 1142 L.
1549 1095 1879 1159 Torquatum,

390 1171 443 1217 C.
475 1171 701 1218 Cassium
728 1172 987 1218 tribunum
1016 1171 1082 1234 pl.
1114 1170 1183 1234 (hi
1214 1174 1348 1218 enim
1377 1179 1494 1218 sunt
1523 1173 1802 1229 nobiscum,
1830 1172 1881 1220 id

390 1256 468 1295 est
503 1251 554 1294 in
592 1248 878 1311 Formiano)
917 1246 1172 1294 Philotimi
1210 1247 1412 1295 litterae
1450 1248 1515 1295 ad
1549 1252 1706 1296 vitam
1742 1265 1880 1296 revo—

388 1333 646 1372 caverunt.
717 1326 826 1389 Ego
851 1332 1025 1371 autem
1047 1325 1130 1371 illa
1153 1332 1327 1372 metuo
1349 1341 1413 1372 ne
1436 1329 1630 1372 veriora
1651 1329 1768 1382 sint,
1790 1343 1879 1373 nos

389 1419 562 1448 omnes
573 1418 735 1465 paene
752 1405 853 1448 iam
867 1409 1042 1465 captos
1061 1418 1188 1458 esse,
1200 1400 1496 1465 Pompeium
1509 1402 1658 1449 Italia
1673 1403 1877 1457 cedere;

389 1496 542 1542 quem
564 1479 768 1542 quidem
791 1479 841 1540 (o
861 1495 969 1525 rem
992 1479 1227 1525 acerbam
1244 1479 1275 1542 1)
1296 1481 1532 1542 persequi
1555 1479 1740 1526 Caesar
1761 1479 1879 1526 dici-

390 1564 486 1602 tur.
518 1554 757 1619 Persequi
773 1555 957 1602 Caesar
972 1553 1270 1618 Pompeium
1286 1555 1304 1601 ?
1333 1555 1487 1618 quid?
1503 1562 1561 1602 ut
1573 1555 1878 1603 interficiat?

389 1633 435 1679 O
459 1649 540 1679 me
563 1632 827 1678 miserum!
888 1631 956 1678 Et
985 1648 1085 1678 non
1109 1647 1282 1678 omnes
1305 1639 1476 1678 nostra
1498 1648 1705 1695 corpora
1727 1649 1878 1696 oppo-

388 1710 586 1755 nimus?
656 1709 714 1755 In
758 1725 857 1772 quo
900 1715 958 1755 tu
1002 1724 1206 1771 quoque
1247 1711 1547 1772 ingemiscis.
1615 1707 1717 1756 Sed
1758 1710 1878 1773 quid

388 1786 665 1833 faciamus?
731 1785 882 1841 Victi,
914 1788 1154 1848 oppressi,
1185 1788 1321 1848 capti
1353 1785 1502 1848 plane
1534 1801 1719 1832 sumus.

453 1863 562 1927 Ego
580 1869 755 1909 tamen
775 1860 1028 1908 Philotimi
1047 1861 1229 1908 litteris
1247 1861 1392 1908 lectis
1409 1864 1601 1909 mutavi
1619 1862 1878 1910 consilium

389 1941 453 1987 de
485 1939 790 1986 mulieribus.
861 1938 1016 1997 QuaS‚
1049 1945 1106 1985 ut
1138 1941 1435 2001 scripseram
1467 1938 1532 1985 ad
1562 1946 1634 1996 te,
1666 1938 1877 1986 Romam

388 2018 743 2071 remittebam3
786 2015 875 2062 sed
898 2015 1018 2062 mihi
1045 2018 1184 2062 venit
1206 2018 1256 2061 in
1280 2022 1507 2061 mentem
1530 2015 1748 2062 multum
1771 2015 1877 2063 fore

389 2110 672 2140 sermonem
695 2110 776 2139 me
801 2092 1039 2138 iudicium
1063 2094 1163 2138 iam
1188 2091 1251 2138 de
1274 2107 1425 2138 causa
1447 2091 1648 2155 publica
1671 2091 1878 2148 fecisse;

390 2188 490 2234 qua
519 2170 789 2233 desperata
820 2172 958 2232 quasi
992 2167 1124 2215 hunc
1154 2167 1367 2232 gradum
1398 2171 1497 2214 mei
1527 2168 1718 2215 reditus
1750 2185 1876 2226 esse,

390 2247 526 2311 quod
552 2246 787 2293 mulieres
814 2247 1158 2292 revertissent.
1228 2244 1308 2291 De
1336 2261 1418 2291 me
1448 2251 1621 2291 autem
1648 2248 1755 2308 ipso
1783 2247 1874 2293 tibi

390 2324 662 2379 adsentior,
690 2339 753 2370 ne
781 2339 863 2369 me
891 2322 1009 2369 dem
1037 2324 1260 2368 incertae
1290 2327 1343 2368 et
1368 2320 1678 2384 periculosae
1706 2321 1875 2386 fugae,

389 2417 503 2447 cum
522 2403 593 2447 rei
611 2399 843 2463 publicae
863 2397 983 2444 nihil
1003 2400 1205 2461 prosim,
1225 2396 1343 2444 nihil
1365 2395 1632 2460 Pompeio3
1669 2415 1757 2461 pro
1776 2415 1875 2463 quo

391 2480 544 2524 emori
566 2494 678 2523 cum
702 2479 781 2539 pie
805 2492 1006 2539 possum
1028 2482 1138 2521 tum
1161 2473 1407 2521 lubenter.
1459 2473 1682 2521 Manebo
1704 2477 1873 2540 igitur,

390 2558 482 2600 etsi
515 2557 758 2601 vivere—.

387 2658 446 2702 90
