1988 3008
684 185 968 233 MARCUS
1012 185 1314 236 TULLIUS
1359 185 1611 234 CICERO
1645 186 1648 187 ⁷

401 316 594 360 exitum
655 320 909 375 exoptem.
979 312 1050 360 At
1111 329 1263 376 quam
1323 311 1556 370 honesta,
1615 321 1670 360 at
1733 330 1884 377 quam

402 394 640 456 expedita
659 400 749 440 tua
769 392 991 449 consilia,
1013 409 1166 456 quam
1188 393 1425 456 evigilata
1445 397 1547 440 tuis
1561 397 1884 458 cogitationi-

400 473 491 519 bus
533 490 631 536 qua
668 476 882 529 itineris,
921 489 1020 536 qua
1059 475 1411 537 navigationis,
1451 490 1550 537 qua
1588 487 1883 538 congressus

398 556 740 616 sermonisque
758 570 873 600 cum
892 552 1135 600 Caesare!
1205 552 1390 600 Omnia
1407 551 1522 600 cum
1540 552 1755 602 honesta
1772 561 1884 607 tum

397 641 560 680 cauta.
630 633 690 679 In
712 633 924 696 Epirum
946 649 1066 680 vero
1089 636 1320 681 invitatio
1345 650 1497 696 quam
1519 638 1700 690 suavis,
1723 651 1881 698 quam·

398 713 632 769 liberalis,
651 729 802 776 quam
820 712 1073 760 fraterna!

463 794 543 841 De
570 794 813 858 Dionysio
839 810 950 840 sum
976 793 1269 850 admiratus,
1296 797 1380 858 qui
1407 795 1543 858 apud
1567 812 1648 843 me
1674 794 1883 843 honora-

399 877 496 922 tior
518 873 614 921 fuit
637 891 790 938 quam
813 874 948 938 apud
970 873 1255 938 Scipionem
1281 873 1581 930 Panaetius;
1622 893 1652 922 a
1673 893 1772 940 quo
1794 879 1884 922 im-

398 957 659 1018 purissime
681 954 807 1001 haec
828 961 1000 1002 nostra
1022 954 1227 1002 fortuna
1249 955 1491 1019 despecta
1514 963 1607 1003 est.
1677 955 1884 1004 Odiho-

397 1039 585 1083 minem
610 1042 663 1082 et
685 1035 865 1089 odero;
907 1038 1103 1082 utinam
1128 1035 1295 1083 ulcisci
1320 1036 1546 1099 possem!
1614 1035 1715 1084 Sed
1735 1036 1874 1084 illum

401 1116 699 1163 ulciscentur
721 1131 885 1162 mores
909 1118 998 1163 sui.

461 1197 555 1252 Tu,
578 1212 781 1259 quaeso,
804 1213 934 1242 nunc
959 1195 1035 1242 vel
1059 1199 1298 1252 maxime,
1321 1196 1440 1260 quid
1465 1196 1719 1261 agendum
1741 1199 1883 1246 nobis

395 1280 476 1333 sit,
500 1279 681 1340 cogita.
752 1274 926 1339 Populi
952 1276 1165 1323 Romani
1191 1280 1442 1324 exercitus
1467 1277 1555 1325 Cn.
1584 1276 1879 1342 Pompeium

396 1357 747 1413 circumsedet,
767 1356 899 1404 fossa
918 1364 972 1404 et
991 1356 1120 1404 vallo
1139 1365 1374 1420 saeptum
1394 1364 1557 1414 tenet,
1577 1358 1698 1423 fuga
1717 1358 1879 1422 prohi—

396 1439 513 1492 bet3
570 1454 658 1484 nos
697 1440 923 1493 vivimus,
963 1444 1016 1484 et
1054 1444 1157 1484 stat
1196 1439 1312 1485 urbs
1351 1441 1464 1493 ista,
1503 1446 1761 1502 praetores
1798 1442 1874 1486 ius

397 1518 587 1574 dicunt,
614 1517 801 1564 aediles
826 1517 968 1564 ludos
993 1524 1192 1580 parant,
1217 1521 1307 1564 viri
1333 1519 1447 1565 boni
1476 1535 1648 1567 usuras
1673 1523 1881 1583 perscri-

397 1600 542 1653 bunt,
580 1614 675 1661 ego
711 1600 818 1660 ipse
857 1597 1034 1645 sedeo!
1104 1597 1266 1646 Coner
1301 1597 1417 1645 illuc
1453 1601 1525 1646 ire
1564 1606 1620 1646 ut
1657 1603 1879 1658 insanus,

403 1678 666 1741 implorare
684 1678 835 1724 fidem
851 1681 1235 1742 municipiorum
1251 1679 1270 1725 ?
1337 1679 1460 1726 Boni
1477 1697 1576 1727 non
1592 1688 1882 1744 sequentur,

399 1759 532 1806 leves
581 1758 879 1814 irridebunt,
930 1775 1096 1806 rerum
1147 1776 1385 1806 novarum
1436 1760 1620 1823 cupidi,
1672 1764 1883 1809 victores

399 1841 698 1902 praesertim
724 1845 777 1885 et
802 1842 1000 1895 armati,
1026 1841 1126 1885 vim
1152 1846 1204 1886 et
1229 1857 1406 1887 manus
1433 1839 1681 1888 adferent.
1749 1841 1884 1900 Quid

398 1935 572 1965 censes
608 1919 796 1982 igitur?
835 1919 1136 1982 ecquidnam
1175 1927 1252 1967 est
1289 1923 1362 1967 tui
1401 1920 1589 1968 consilii
1628 1907 1692 1968 ad
1731 1922 1880 1969 finem

399 1998 542 2045 huius
562 2001 870 2046 miserrimae
891 2002 1024 2045 vitae
1042 2000 1060 2045 ?
1129 1999 1274 2046 Nunc
1294 2000 1456 2056 doleo,
1475 2017 1607 2047 nunc
1627 1999 1880 2066 torqueor,

398 2096 511 2126 cum
536 2078 732 2125 cuidam
759 2086 848 2126 aut
873 2082 1070 2142 sapiens
1095 2079 1281 2136 videor,
1308 2080 1441 2143 quod
1466 2097 1567 2127 una
1591 2098 1690 2127 non
1715 2085 1875 2140 ierim,

399 2166 487 2205 aut
506 2158 626 2205 felix
645 2157 812 2206 fuisse.
885 2158 1013 2205 Mihi
1031 2167 1221 2207 contra.
1294 2160 1581 2224 Numquam
1601 2164 1735 2208 enim
1754 2162 1883 2210 illius

399 2241 635 2285 victoriae
661 2241 821 2285 socius
848 2255 956 2286 esse
982 2239 1131 2296 volui,
1156 2240 1458 2288 calamitatis
1485 2241 1687 2288 mallem
1713 2241 1879 2290 fuisse.

399 2318 534 2376 Quid
563 2334 658 2382 ego
689 2335 818 2364 nunc
850 2327 961 2366 tuas
991 2319 1202 2376 litteras,
1233 2320 1353 2383 quid
1382 2328 1523 2367 tuam
1554 2321 1878 2384 prudentiam

399 2406 488 2445 aut
511 2397 916 2445 benevolentiam
940 2400 1235 2463 implorem?
1303 2401 1491 2447 Actum
1515 2409 1620 2457 est3
1663 2401 1798 2448 nulla
1827 2419 1882 2450 re

398 2594 485 2635 242
