2014 3008
106 2163 202 2210 Ser.
215 2163 435 2210 Brundisi

110 2230 236 2277 XIV
259 2231 366 2276 Καί.

111 2297 209 2343 Ian.
235 2315 279 2344 α.
305 2299 396 2347 706

732 216 1014 264 MARCUS
1058 216 1359 263 TULLIUS
1405 217 1656 265 CICERO

449 345 658 392 dubium
690 361 966 408 numquam
998 344 1109 391 fuit.
1177 344 1342 391 Tanta
1374 347 1508 391 enim
1540 344 1827 408 desperatio
1858 362 1933 394 re-

449 439 559 468 rum
586 425 691 469 eius
718 425 942 469 omnium
967 438 1146 485 regum
1172 428 1226 468 et
1250 420 1549 485 populorum
1574 424 1764 469 animos
1790 439 1933 470 occu-

449 506 611 562 parat,
631 506 706 554 ut,
728 515 1045 562 quocumque
1066 500 1303 554 venisset,
1322 497 1417 545 hoc
1435 504 1670 561 putarem
1689 497 1931 546 futurum.

453 575 566 622 Non
591 592 794 639 possum
822 578 928 622 eius
953 592 1125 622 casum
1150 591 1251 621 non
1277 574 1475 630 dolere3
1519 573 1774 622 hominem
1800 577 1936 623 enim

451 655 707 716 integrum
733 659 786 699 et
811 659 1008 699 castum
1035 658 1088 699 et
1111 668 1319 716 gravem
1344 654 1568 715 cognovi.
1639 651 1719 699 De
1746 651 1935 700 Fannio

449 729 673 776 consoler
691 729 779 776 te?
847 727 1132 776 Perniciosa
1148 727 1451 792 loquebatur
1469 728 1532 775 de
1551 731 1811 776 mansione
1828 736 1934 776 tua.

453 807 509 853 L.
546 823 662 853 vero
698 805 944 853 Lentulus
979 805 1218 852 Hortensi
1253 805 1460 852 domum
1493 806 1584 852 sibi
1621 812 1675 852 et
1709 805 1934 853 Caesaris

451 884 621 930 hortos
655 890 709 930 et
741 882 887 930 Baias
921 882 1275 946 desponderat.
1345 882 1565 929 Omnino
1597 880 1723 929 haec
1757 881 1935 929 eodem

451 961 600 1007 modo
630 977 694 1007 ex
723 959 817 1006 hac
846 967 992 1023 parte
1023 959 1168 1015 fiunt,
1198 962 1291 1005 nisi
1321 958 1457 1022 quod
1484 958 1608 1005 illud
1637 965 1748 1006 erat
1776 958 1935 1005 infini-

452 1046 575 1084 tum.
645 1037 835 1084 Omnes
859 1039 1011 1093 enim,
1034 1039 1118 1100 qui
1141 1038 1192 1082 in
1217 1034 1364 1082 Italia
1385 1042 1693 1092 manserant,
1715 1034 1936 1082 hostium

452 1131 660 1161 numero
680 1113 1013 1160 habebantur.
1082 1111 1183 1160 Sed
1203 1112 1353 1159 velim
1372 1111 1498 1159 haec
1519 1111 1788 1176 aliquando
1808 1111 1935 1159 solu-

451 1195 577 1238 tiore
603 1194 782 1238 animo.

516 1268 764 1326 Quintum
802 1267 1012 1314 fratrem
1053 1267 1202 1313 audio
1241 1266 1524 1330 profectum
1563 1269 1615 1312 in
1652 1266 1843 1323 Asiam,
1881 1273 1938 1313 ut

453 1346 824 1409 deprecaretur.
895 1344 974 1391 De
1007 1343 1106 1390 filio
1138 1342 1258 1389 nihil
1290 1343 1484 1397 audivi3
1533 1342 1624 1389 sed
1654 1358 1840 1405 quaere
1873 1358 1935 1389 ex

455 1421 721 1476 Diochare,
757 1421 982 1467 Caesaris
1015 1420 1216 1476 liberto,
1250 1435 1402 1483 quem
1437 1435 1532 1483 ego
1566 1435 1665 1466 non
1699 1418 1816 1474 vidi,
1850 1421 1934 1482 qui

455 1503 574 1545 istas
611 1498 932 1544 Alexandrea
966 1497 1161 1544 litteras
1198 1496 1386 1543 attulit.
1457 1496 1504 1542 Is
1539 1496 1722 1542 dicitur
1757 1495 1935 1542 vidisse

455 1576 702 1634 Quintum
747 1581 954 1620 euntem
999 1591 1063 1620 an
1106 1577 1206 1619 iam
1249 1576 1301 1619 in
1344 1574 1479 1619 Asia.
1547 1572 1679 1619 Tuas
1723 1571 1933 1628 litteras,

454 1659 602 1716 prout
657 1668 734 1698 res
787 1651 1026 1714 postulat,
1080 1657 1334 1713 exspecto.
1404 1649 1541 1708 Quas
1593 1648 1742 1695 velim
1793 1665 1935 1695 cures

457 1746 607 1792 quam
632 1731 847 1792 primum
871 1727 935 1774 ad
958 1744 1039 1774 me
1062 1727 1402 1791 perferendas.
1474 1741 1551 1772 1111
1581 1725 1642 1772 K.
1668 1725 1935 1772 Decembr.

1149 1958 1244 2004 VII

941 2071 1114 2102 CICERO
1150 2070 1321 2101 ATTICO
1356 2069 1452 2101 SAL.

523 2155 712 2202 Gratae
753 2161 872 2201 tuae
913 2153 1032 2218 mihi
1074 2153 1274 2199 litterae
1314 2159 1448 2207 sunt,
1488 2151 1667 2214 quibus
1707 2155 1939 2196 accurate

461 2234 787 2296 perscripsisti
816 2233 999 2286 omnia,
1027 2245 1157 2292 quae
1186 2228 1250 2275 ad
1277 2245 1358 2275 me
1386 2230 1640 2291 pertinere
1668 2227 1939 2273 arbitratus

463 2326 529 2356 es.
566 2309 632 2354 Et
650 2307 840 2354 factum
859 2310 1013 2370 igitur
1029 2313 1087 2353 tu
1104 2307 1275 2352 scribis
1292 2308 1399 2351 istis
1416 2304 1614 2367 placere
1633 2310 1686 2350 et
1702 2302 1901 2366 placere
1919 2300 1937 2330 ¹

462 2386 617 2432 isdem
647 2387 754 2431 istis
781 2383 1038 2430 lictoribus
1067 2396 1149 2429 me·
1178 2385 1270 2438 uti,
1299 2381 1432 2445 quod
1460 2396 1749 2427 concessum
1777 2377 1939 2426 Sestio

517 2492 531 2516 ¹
561 2505 617 2531 es.
678 2491 736 2529 Et
768 2490 930 2528 factum
963 2490 1094 2540 igitur
1122 2494 1172 2527 tu
1203 2487 1351 2527 scribis
1382 2488 1475 2526 istis
1506 2486 1671 2537 placere
1701 2490 1746 2524 et
1777 2484 1941 2535 plaeere

456 2545 679 2598 Steinkops
695 2558 709 2584 .·
749 2549 815 2583 est
838 2556 889 2582 ea
913 2543 1078 2582 factum
1103 2543 1232 2594 igitur
1256 2546 1306 2580 ut
1329 2541 1477 2580 scribis
1501 2540 1595 2579 istis
1618 2539 1784 2591 placere
1807 2538 1859 2578 M
1861 2536 1939 2578 SS.

457 2622 546 2681 368
