1942 3022
647 211 932 260 MARCUS
975 208 1275 258 TULLIUS
1320 206 1572 254 CICERO

365 359 516 405 quam
535 341 808 387 Philoxeno
826 337 1077 385 dedisses!
1145 335 1426 398 Scripseras
1446 337 1581 380 enim
1596 336 1648 379 in
1666 348 1727 379 ea
1745 347 1853 378 esse

367 423 430 468 de
455 435 687 467 sermone
713 419 920 480 Pompei
947 416 1297 479 Neapolitano.
1366 414 1495 460 Eam
1517 411 1640 460 mihi
1666 411 1855 459 Patron

367 500 596 547 Brundisi
635 498 871 545 reddidit.
939 496 1207 559 Corcyrae,
1244 502 1302 541 ut
1341 497 1533 556 opinor,
1571 498 1853 554 acceperat.

369 579 501 625 Nihil
519 581 687 641 potuit
706 593 816 624 esse
834 576 1113 623 iucundius.
1183 574 1309 620 Erat
1329 576 1464 619 enim
1482 572 1547 620 de
1563 587 1620 618 re
1637 571 1856 634 publica,

367 659 430 705 de
462 661 712 720 opinione,
744 672 896 719 quam
927 658 967 701 is
999 658 1075 701 vir
1105 653 1320 700 haberet
1351 654 1662 715 integritatis
1693 666 1857 706 meae,

367 738 431 784 de
467 736 837 791 benevolentia,
874 751 1027 797 quam
1061 733 1285 780 ostendit
1321 748 1382 779 eo
1415 746 1668 788 sermone,
1703 746 1856 793 quem

368 817 545 863 habuit
567 816 630 862 de
651 813 925 876 triumpho.
994 812 1095 860 Sed
1115 819 1289 859 tamen
1311 811 1404 858 hoc
1424 810 1857 866 iucundissimum,

369 896 503 958 quod
539 894 766 941 intellexi
801 901 856 940 te
892 892 957 939 ad
993 908 1110 938 eum
1145 895 1358 946 venisse,
1395 898 1452 937 ut
1489 893 1595 936 eius
1633 893 1859 936 animum

369 991 490 1038 erga
538 990 618 1019 me
667 976 993 1035 perspiceres.
1062 971 1172 1018 Hoc
1220 970 1358 1026 mihi,
1406 973 1629 1033 inquam,
1677 968 1859 1015 accidit

369 1054 794 1100 iucundissimum.
865 1052 944 1097 De
969 1050 1227 1113 triumpho
1253 1056 1426 1096 autem
1451 1048 1588 1095 nulla
1612 1063 1694 1094 me
1719 1050 1860 1110 cupi-

370 1134 499 1180 ditas
536 1148 776 1194 umquam
815 1134 983 1178 tenuit
1028 1136 1148 1176 ante
1192 1129 1356 1175 Bibuli
1399 1127 1859 1191 impudentissimas

370 1212 584 1268 litteras,
619 1228 739 1274 quas
775 1210 1097 1272 amplissume
1129 1209 1428 1272 supplicatio
1460 1214 1732 1254 consecuta
1764 1213 1857 1253 est.

371 1292 417 1338 A
442 1307 540 1354 quo
562 1295 602 1337 si
627 1306 686 1336 ea
709 1297 855 1353 gesta
892 1296 1079 1345 essent,
1103 1304 1234 1352 quae
1269 1291 1485 1350 scripsit,
1507 1286 1785 1351 gauderem
1807 1293 1860 1333 et

371 1370 547 1417 honori
569 1370 822 1424 faverem3
860 1385 992 1415 nunc
1014 1368 1171 1424 illurn,
1194 1370 1278 1430 qui
1300 1367 1486 1430 pedem
1506 1373 1673 1429 porta,
1695 1365 1861 1429 quoad

372 1450 527 1496 hostis
575 1453 644 1496 cis
693 1448 1008 1511 Euphratem
1056 1447 1170 1504 fuit,
1218 1463 1317 1493 non
1366 1446 1626 1502 extulerit,
1672 1443 1862 1507 honore

374 1532 564 1592 augeri,
601 1544 700 1584 me,
738 1532 788 1574 in
823 1531 961 1574 cuius
1000 1530 1228 1574 exercitu
1265 1543 1408 1589 spem
1443 1525 1571 1572 illius
1609 1528 1860 1572 exercitus

375 1608 566 1663 habuit,
596 1608 731 1654 idem
760 1624 859 1654 non
888 1607 1114 1670 adsequi,
1143 1606 1361 1653 dedecus
1392 1612 1471 1652 est
1498 1612 1748 1660 nostrum,
1776 1620 1863 1650 no-

373 1696 533 1734 strum
548 1691 755 1750 inquam
769 1694 823 1734 te
838 1690 1162 1750 coniungens.
1233 1686 1414 1749 Itaque
1429 1688 1597 1732 omnia
1612 1687 1863 1747 experiar,

376 1774 427 1813 et
459 1775 513 1813 ut
542 1783 706 1829 spero,
736 1767 999 1830 adsequar.
1069 1765 1259 1824 Quodsi
1287 1772 1346 1812 tu
1374 1764 1585 1821 valeres,
1612 1767 1714 1811 iam
1741 1762 1861 1809 mihi

378 1847 627 1909 quaedam
653 1846 916 1908 explorata
941 1853 1126 1892 essent.
1196 1844 1313 1900 Sed,
1338 1851 1395 1891 ut
1420 1860 1586 1907 spero,
1610 1843 1814 1891 valebis.

442 1926 521 1971 De
550 1925 848 1972 raudusculo
877 1925 1184 1972 Numeriano
1213 1924 1428 1971 multum
1455 1931 1509 1971 te
1538 1940 1666 1970 amo.
1734 1921 1863 1969 Hor-

377 2009 566 2051 tensius
597 2005 718 2067 quid
746 2008 927 2068 egerit,
956 2021 1079 2052 aveo
1105 2008 1252 2060 scire,
1282 2004 1408 2051 Cato
1437 2003 1557 2066 quid
1585 2009 1733 2067 agat3
1779 2004 1861 2065 qui

379 2084 581 2146 quidem
604 2088 654 2130 in
676 2100 758 2130 me
779 2087 999 2147 turpiter
1022 2084 1118 2131 fuit
1140 2083 1427 2130 malevolus
1474 2082 1632 2129 Dedit
1654 2085 1863 2145 integri-

378 2167 515 2219 tatis,
553 2167 795 2220 iustitiae,
831 2163 1150 2220 clementiae,
1188 2163 1303 2210 fidei
1341 2162 1462 2209 mihi
1498 2164 1863 2217 testimonium,

379 2243 513 2304 quod
538 2259 637 2289 non
662 2243 997 2305 quaerebam;
1041 2243 1176 2306 quod
1200 2242 1537 2305 postulabam,
1562 2243 1768 2304 negavit
1792 2240 1860 2287 id.

381 2321 560 2384 Itaque
591 2322 775 2368 Caesar
804 2325 874 2369 eis
903 2322 1106 2379 litteris,
1137 2323 1316 2385 quibus
1347 2321 1466 2368 mihi
1495 2319 1782 2385 gratulatur
1811 2327 1864 2367 et

379 2405 544 2446 omnia
577 2401 858 2462 pollicetur,
892 2418 990 2464 quo
1022 2401 1171 2448 modo
1205 2401 1426 2448 exsultat
1461 2400 1665 2447 Catonis
1698 2402 1749 2445 in
1782 2414 1863 2446 me

380 2482 702 2540 ingratissimi
727 2482 932 2528 iniuria!
1001 2482 1071 2528 At
1097 2480 1176 2528 hic
1203 2481 1337 2527 idem
1362 2480 1539 2527 Bibulo
1565 2479 1760 2527 dierum
1786 2494 1862 2526 xx.

385 2595 440 2630 10
