2014 3008
746 216 1030 263 MARCUS
1074 216 1376 264 TULLIUS
1421 217 1671 266 CICERO

463 345 720 392 actiones?
776 345 853 391 Tu
875 351 1050 391 tamen
1073 345 1223 392 velim
1246 361 1310 392 ne
1333 348 1660 402 intermittas,
1685 346 1821 410 quod
1845 349 1951 394 eius

463 425 628 471 facere
660 428 865 488 poteris,
896 426 1113 472 scribere
1146 426 1210 472 ad
1239 442 1339 481 me,
1372 428 1569 472 etiamsi
1599 443 1724 482 rem,
1755 427 1820 474 de
1853 444 1952 490 qua

463 505 666 560 scribas,
689 521 789 551 non
811 504 1034 552 habebis.
1093 504 1302 570 Semper
1326 508 1460 552 enim
1483 505 1738 563 adferunt,
1764 506 1951 570 aliquid

462 583 584 631 mihi
607 591 728 631 tuae
751 585 970 632 litterae.

528 664 763 711 Galeonis
787 664 1128 720 hereditatem
1152 668 1299 713 crevi.
1360 664 1490 713 Puto
1516 669 1650 713 enim
1675 669 1952 714 cretionem

464 745 742 807 simplicem
780 744 950 801 fuisse,
990 749 1227 809 quoniam
1267 746 1331 794 ad
1369 762 1451 793 me
1491 746 1628 793 nulla
1666 750 1818 793 missa
1856 754 1949 794 est.

528 839 620 870 v111
646 824 764 871 Idus
791 825 1020 874 Martias.

1140 1060 1272 1108 XIII

949 1173 1122 1204 CICERO
1157 1174 1330 1204 ATTICO
1365 1173 1462 1205 SAL.

111 1259 207 1306 Scr.
219 1259 443 1306 Brundisi
529 1255 574 1302 A
607 1254 855 1302 Murenae
885 1255 1067 1302 liberto
1097 1255 1216 1301 nihil
1247 1255 1410 1302 adhuc
1439 1272 1732 1318 acceperam
1762 1255 1954 1303 littera-

118 1327 163 1374 V
159 1326 218 1372 ῙῙ
236 1326 309 1374 Id·
465 1352 590 1383 rum.
655 1334 708 1383 P.
740 1335 872 1383 Siser
899 1335 1190 1383 reddiderat
1219 1352 1322 1392 eas,
1351 1336 1532 1399 quibus
1568 1337 1801 1383 rescribo.
1874 1336 1954 1382 De

113 1393 262 1440 Mart·
289 1400 367 1439 aut
466 1414 604 1462 Servi
642 1419 801 1479 patris
838 1416 1021 1463 litteris
1059 1415 1194 1479 quod
1230 1416 1420 1472 scribis,
1456 1418 1582 1462 item
1619 1414 1866 1474 Quintum
1902 1418 1954 1461 in

105 1460 393 1577 {myoof'o‘n'
466 1495 661 1560 Syriam
701 1499 896 1543 venisse
937 1495 1072 1560 quod
1111 1498 1182 1543 ais
1223 1512 1331 1542 6336
1372 1498 1455 1559 qui
1497 1498 1753 1552 nuntient,
1796 1512 1860 1542 ne
1901 1495 1953 1542 id

146 1564 155 1573 ⁰
467 1577 671 1640 quidem
698 1593 872 1624 verum
898 1583 991 1623 est.
1053 1575 1202 1635 Quod
1227 1579 1496 1623 certiorem
1521 1583 1576 1623 te
1602 1578 1674 1622 vis
1702 1575 1828 1632 fieri,
1856 1592 1954 1639 quo

466 1660 677 1720 quisque
709 1659 761 1703 in
792 1673 874 1703 me
909 1659 1074 1703 animo
1107 1659 1172 1703 sit
1205 1664 1294 1703 aut
1326 1655 1481 1703 fuerit
1514 1672 1704 1712 eorum,
1738 1659 1823 1719 qui
1855 1646 1953 1702 huc

465 1744 729 1794 venerunt,
760 1740 1016 1784 neminem
1048 1736 1211 1784 alieno
1242 1736 1484 1784 intellexi.
1551 1735 1669 1793 Sed,
1701 1742 1951 1799 quantum

464 1818 516 1864 id
538 1834 652 1864 mea
675 1821 891 1874 intersit,
916 1820 1206 1864 existimare
1229 1824 1283 1864 te
1306 1833 1451 1881 posse
1475 1823 1614 1863 certo
1637 1818 1752 1863 scio.
1824 1815 1950 1862 Mihi

464 1915 578 1944 cum
598 1901 765 1944 omnia
783 1901 883 1944 sint
901 1897 1236 1944 intolerabilia
1255 1897 1320 1944 ad
1338 1896 1578 1952 dolorem,
1597 1903 1708 1943 tum
1727 1899 1948 1942 maxime

466 1978 600 2041 quod
624 1980 677 2024 in
704 1995 816 2024 eam
842 1995 1045 2024 causam
1071 1980 1265 2024 venisse
1292 1994 1374 2024 me
1402 1977 1563 2033 video,
1591 1983 1649 2023 ut
1675 1975 1780 2023 sola
1808 1975 1952 2022 utilia

464 2057 586 2104 mihi
611 2075 720 2105 esse
746 2058 1027 2114 videantur,
1052 2074 1182 2121 quae
1207 2074 1407 2120 semper
1430 2057 1580 2104 nolui.

529 2137 583 2185 P.
604 2138 878 2185 Lentulum
893 2146 1094 2202 patrem
1110 2137 1273 2184 Rhodi
1291 2154 1399 2184 esse
1417 2140 1576 2194 aiunt,
1594 2136 1950 2184 Alexandreae

467 2219 639 2275 filium,
657 2218 935 2282 Rhodoque
953 2218 1328 2265 Alexandream
1346 2217 1399 2264 C.
1420 2217 1647 2264 Cassium
1663 2216 1951 2280 profectum

467 2315 575 2346 esse
612 2305 826 2345 constat.
898 2298 1117 2357 Quintus
1154 2297 1275 2344 mihi
1311 2314 1402 2361 per
1438 2297 1633 2343 litteras
1670 2299 1792 2343 satis
1829 2295 1952 2342 facit

465 2378 626 2425 multo
656 2380 988 2442 asperioribus
1018 2379 1199 2434 verbis,
1230 2394 1382 2441 quam
1411 2394 1525 2424 cum
1554 2379 1843 2441 gravissime
1874 2392 1953 2422 ac—

466 2459 689 2505 cusabat.
751 2459 839 2505 Ait
865 2461 1000 2505 enim
1026 2475 1079 2504 se
1107 2474 1169 2504 ex
1195 2458 1378 2504 litteris
1405 2459 1506 2504 tuis
1531 2456 1830 2520 intellegere
1857 2457 1950 2502 tibi

466 2555 566 2585 non
604 2538 819 2602 placere,
858 2538 992 2603 quod
1030 2538 1095 2586 ad
1130 2537 1315 2585 multos
1353 2537 1416 2585 de
1454 2552 1536 2584 me
1575 2539 1797 2601 asperius
1836 2538 1951 2583 scri-

466 2642 556 2687 390
