1988 3008
690 149 973 197 MARCUS
1017 150 1317 198 TULLIUS
1363 151 1612 200 CICERO

410 285 488 324 est
533 281 667 324 enim
709 281 923 340 suspicio
966 277 1049 324 illa
1091 278 1353 326 domestici
1399 279 1515 326 mali
1560 287 1614 327 et
1655 283 1899 328 sermonis

411 375 646 421 Hirtiani.
715 374 881 432 Quam
913 378 1059 437 cupio
1093 374 1232 421 illum
1263 375 1474 439 dignum
1508 393 1617 423 esse
1652 377 1812 434 nobis,
1846 385 1899 424 et

411 488 563 534 quam
588 474 696 534 ipse
721 488 803 518 me
829 475 1003 527 invito,
1030 488 1159 535 quae
1185 489 1277 535 pro
1302 472 1385 519 illo
1411 475 1530 528 sint,
1557 473 1621 520 ad
1646 477 1901 536 suspican-

412 567 559 615 dum!
627 567 727 614 Sed
750 585 872 630 opus
897 567 992 614 fuit
1017 569 1185 615 Hirtio
1208 568 1490 616 convento?
1557 569 1649 617 Est
1671 569 1902 633 profecto

413 668 580 712 nescio
601 664 740 728 quid,
757 664 849 711 sed
868 665 1017 711 velim
1038 682 1189 728 quam
1210 669 1430 712 minimo.
1500 666 1567 713 Et
1586 673 1764 714 tamen
1786 683 1902 714 eum

414 761 638 809 nondum
661 762 851 809 redisse
875 765 1131 809 miramur.
1199 762 1300 809 Sed
1323 762 1448 810 haec
1475 763 1769 811 videbimus.

478 859 554 905 Tu
585 859 774 922 Oppios
804 859 1074 906 Terentiae
1105 859 1402 924 delegabis.¹
1469 859 1578 906 Iam
1605 863 1740 907 enim
1769 861 1904 908 urbis

417 974 574 1003 unum
598 956 876 1020 periculum
901 955 995 1003 est.
1066 956 1156 1003 Me
1181 964 1355 1004 tamen
1380 956 1584 1004 consilio
1610 960 1742 1014 iuva,
1766 957 1906 1021 pedi-

417 1054 577 1101 busne
611 1053 827 1117 Regium
861 1070 925 1099 an
957 1052 1072 1100 hinc
1105 1057 1280 1101 statim
1314 1057 1365 1099 in
1397 1070 1596 1110 navem,
1630 1061 1684 1102 et
1716 1061 1908 1111 cetera,

420 1155 656 1214 quoniam
681 1168 976 1198 commoror.
1044 1151 1155 1214 Ego
1181 1150 1246 1197 ad
1269 1158 1323 1198 te
1348 1154 1523 1198 statim
1538 1150 1755 1208 habebo,
1774 1150 1908 1215 quod

418 1249 651 1304 scribam,
672 1248 818 1294 simul
841 1255 897 1294 ut
920 1247 1091 1294 videro
1114 1248 1398 1294 Curionem.
1468 1248 1547 1294 De
1569 1248 1751 1295 Tirone
1773 1264 1911 1304 cura,

422 1362 627 1409 quaeso,
653 1345 787 1408 quod
813 1344 951 1400 facis,
978 1352 1034 1391 ut
1059 1348 1231 1401 sciam,
1258 1344 1379 1408 quid
1404 1348 1442 1390 is
1471 1352 1606 1408 agat.

1147 1577 1191 1623 V

911 1692 1084 1722 menno
1118 1691 1291 1721 Armco
1326 1691 1422 1722 SAL.

74 1774 169 1822 Ser.
195 1773 240 1821 in
490 1775 569 1821 Dc
598 1781 709 1821 tota
737 1790 850 1820 mea
879 1775 1188 1836 cogitatione
1216 1775 1391 1834 scripsi
1421 1771 1484 1818 ad
1512 1779 1565 1819 te
1595 1778 1743 1818 antea
1774 1775 1913 1827 satis,

75 1842 280 1954 [cg-unffi&
308 1840 407 1888 ‘XV
428 1880 483 1919 ut
525 1871 645 1918 mihi
690 1874 818 1918 visus
860 1887 989 1926 sum,
1030 1869 1318 1933 diligenter.
1387 1869 1468 1915 De
1509 1868 1590 1915 die
1632 1868 1753 1914 nihil
1793 1884 1914 1915 sane

75 1945 236 2024 as705
276 1944 286 1954 ⁶
429 1976 597 2033 potest
629 1968 777 2015 scribi
809 1970 936 2014 certi
966 1973 1174 2029 praeter
1204 1965 1315 2021 hoc,
1346 1982 1446 2012 non
1479 1973 1597 2012 ante
1629 1965 1798 2012 lunam
1830 1982 1916 2012 no-
1949 1973 1954 1980 '

429 2084 556 2114 vam.
626 2065 851 2112 Curionis
883 2081 1049 2111 sermo
1080 2063 1322 2126 postridie
1355 2063 1569 2109 eandem
1601 2061 1777 2108 habuit
1807 2061 1916 2108 fere

427 2180 693 2219 summam,
735 2165 824 2208 nisi
868 2161 1002 2225 quod
1042 2164 1267 2224 apertius
1307 2159 1604 2223 significavit
1643 2175 1698 2205 se
1738 2157 1915 2204 harum

427 2278 595 2307 rerum
622 2263 814 2306 exitum
840 2276 938 2306 non
963 2258 1149 2305 videre.

494 2357 642 2415 Quod
678 2355 796 2402 mihi
835 2356 1041 2402 mandas
1075 2355 1138 2402 de
1170 2355 1359 2413 Quinto
1388 2353 1628 2417 regendo,
1658 2354 1913 2418 Ἀρκαδίαν.

738 2472 753 2496 ²
782 2472 998 2525 delegabis
1027 2472 1261 2522 Wesenberq
1279 2485 1293 2511 .·
1333 2470 1456 2510 dabis
1479 2470 1612 2510 MSS.

431 2566 517 2611 292
