1988 3008
42 1219 136 1266 Scr.
162 1220 208 1268 in

39 1287 285 1333 Formiano

43 1353 144 1399 XV
163 1353 224 1399 K.
253 1353 364 1418 Apr.

41 1437 84 1466 a.
109 1421 202 1470 705

679 195 962 243 MARCUS
1005 197 1306 245 TULLIUS
1351 198 1602 248 CICERO

398 321 585 369 Noluit.
654 322 754 370 Sed
791 339 923 370 nunc
962 327 1130 370 omnia
1167 327 1266 372 ista
1303 329 1470 373 iacere
1508 334 1633 390 puto
1671 335 1881 391 propter

397 419 716 449 nummorum
730 406 1013 450 caritatem.
1085 403 1213 451 Mihi
1230 405 1435 468 quidem
1451 410 1551 454 erit
1566 411 1882 470 aptissimum

397 482 475 528 vel
491 483 631 528 nobis
649 486 833 545 potius,
849 486 891 529 si
906 490 965 530 tu
983 487 1166 531 emeris
1183 499 1195 540 3
1229 485 1320 532 sed
1337 489 1442 532 eius
1461 486 1742 535 dementias
1760 505 1881 536 cave

395 569 701 608 contemnas.
770 562 928 609 Valde
959 571 1036 611 est
1058 572 1342 612 venustum.
1412 565 1735 631 Quamquam
1756 567 1878 615 mihi

395 643 492 687 ista
513 645 679 687 omnia
700 645 801 687 iam
823 642 1026 690 addicta
1047 647 1275 691 vastitati
1295 645 1546 693 videntur.

460 720 713 783 Respondi
739 723 966 784 epistulis
989 724 1171 780 tribus,
1193 724 1285 771 sed
1309 733 1550 788 exspecto
1574 727 1723 783 alias;
1763 745 1879 774 nam

395 817 477 847 me
502 800 663 847 adhuc
683 809 804 849 tuae
822 802 1028 850 litterae
1050 811 1417 853 sustentarunt.
1465 806 1529 853 D.
1549 806 1877 856 Liberalibus.

1111 1010 1158 1056 X

878 1132 1051 1163 CICERO
1085 1133 1257 1164 ATTICO
1291 1134 1389 1167 SAL.

460 1220 593 1268 Nihil
645 1221 913 1280 habebam,
967 1224 1101 1287 quod
1152 1225 1443 1293 scriberem.
1513 1226 1691 1290 Neque
1745 1231 1879 1275 enim

396 1305 508 1348 novi
533 1305 800 1365 quicquam
824 1303 1084 1350 audieram
1109 1311 1163 1351 et
1187 1304 1252 1351 ad
1273 1312 1386 1352 tuas
1411 1322 1584 1354 omnes
1607 1311 1876 1371 rescripse-

395 1398 503 1427 ram
549 1382 726 1444 pridie.
795 1382 912 1439 Sed,
959 1401 1073 1430 cum
1121 1401 1203 1431 me
1251 1386 1520 1448 aegritudo
1567 1403 1667 1434 non
1714 1387 1874 1435 solum

396 1477 568 1508 somno
594 1466 834 1524 privaret,
860 1480 1036 1510 verum
1062 1481 1126 1511 ne
1153 1465 1359 1527 vigilare
1386 1466 1590 1529 quidem
1615 1470 1722 1514 sine
1747 1484 1878 1515 sum-

396 1558 478 1588 mo
501 1541 670 1588 dolore
692 1549 976 1605 pateretur,
997 1551 1168 1591 tecum
1191 1552 1248 1591 ut
1272 1549 1412 1607 quasi
1434 1546 1686 1609 loquerer,
1707 1550 1758 1593 in
1781 1564 1878 1611 quo

397 1638 496 1667 uno
520 1625 797 1684 acquiesco,
821 1621 914 1669 hoc
938 1627 1106 1671 nescio
1132 1624 1252 1688 quid
1276 1625 1410 1672 nullo
1435 1634 1736 1689 argumento
1760 1644 1871 1691 pro-

396 1705 557 1763 posito
579 1702 799 1749 scribere
820 1706 1029 1751 institui.

460 1782 648 1828 Amens
680 1781 802 1828 mihi
833 1782 986 1830 fuisse
1018 1783 1190 1831 videor
1222 1801 1250 1831 a
1281 1789 1544 1849 principio,
1577 1794 1630 1834 et
1661 1804 1744 1835 me
1775 1804 1874 1835 una

397 1859 520 1907 haec
543 1878 621 1907 res
647 1869 871 1925 torquet,
897 1864 1031 1926 quod
1055 1880 1154 1910 non
1179 1866 1406 1912 omnibus
1440 1870 1490 1911 in
1521 1867 1670 1914 rebus
1704 1867 1876 1915 laben·

396 1949 502 1987 tem
537 1942 615 1988 vel
648 1946 814 2004 potius
848 1951 1083 1990 ruentem
1119 1944 1415 2007 Pompeium
1449 1953 1710 2009 tamquam
1745 1963 1872 1995 unus

395 2022 715 2083 manipularis
761 2030 962 2069 secutus
1008 2027 1117 2071 sim.
1187 2024 1299 2071 Vidi
1346 2024 1600 2073 hominem
1645 2043 1758 2073 xnn
1808 2027 1870 2075 K.

398 2100 543 2148 Febr.
579 2101 784 2163 plenum
819 2102 1112 2151 formidinis.
1183 2104 1273 2151 Illo
1309 2108 1415 2168 ipso
1451 2105 1533 2152 die
1568 2110 1719 2163 sensi,
1755 2108 1876 2171 quid

397 2188 589 2243 ageret.
657 2181 946 2245 Numquam
963 2182 1084 2230 mihi
1101 2191 1280 2247 postea
1297 2185 1504 2248 placuit,
1522 2202 1616 2233 nec
1633 2202 1875 2250 umquam

396 2260 531 2307 aliud
562 2264 612 2306 in
645 2261 739 2308 alio
771 2278 982 2324 peccare
1014 2263 1228 2311 destitit.
1298 2264 1431 2311 Nihil
1462 2269 1666 2312 interim
1698 2267 1763 2314 ad
1793 2284 1876 2316 me

395 2337 630 2393 scribere,
667 2337 787 2383 nihil
823 2341 915 2385 nisi
952 2338 1126 2403 fugam
1162 2344 1402 2404 cogitare.
1471 2341 1604 2400 Quid
1642 2344 1875 2406 quaeris?

394 2420 522 2463 sicut
561 2422 608 2466 ἐν
643 2422 739 2470 τοῖς
776 2423 1003 2482 ἐρωτικοῖς
1038 2419 1260 2467 alienant
1298 2421 1606 2478 immundae,
1642 2423 1874 2481 insulsae,

395 2496 677 2553 indecorae,
700 2501 769 2544 sic
794 2515 875 2545 me
900 2498 1027 2546 illius
1053 2499 1204 2564 fugae
1230 2501 1685 2566 neglegentiaeque
1710 2502 1874 2551 defor-

394 2601 483 2644 224
