2014 3008
715 202 1001 251 MARCUS
1047 202 1348 251 TULLIUS
1394 203 1643 251 CICERO

1153 499 1206 546 II

919 612 1094 643 CICERO
1128 613 1302 644 ATTICO
1337 612 1433 644 SAL.

79 703 177 752 Sor,
197 703 245 751 in
264 703 410 768 Epiro
498 695 722 742 Litteras
747 700 862 742 tuas
888 697 1060 759 accepi
1085 711 1159 758 pr.
1187 694 1315 741 Non.
1345 694 1490 741 Febr.
1519 711 1680 758 eoque
1705 696 1813 759 ipso
1839 694 1920 743 die

79 771 194 818 med.
219 789 277 818 m.

80 837 249 894 Mart„
273 845 321 885 ut
343 837 409 884 vi-

78 904 226 962 detur,
249 922 292 951 a.
315 905 408 955 706

434 799 497 830 ex
534 789 847 829 testamento
882 783 1014 829 crevi
1050 780 1406 828 hereditatem.
1476 781 1554 828 Ex
1589 781 1761 828 multis
1796 784 1920 829 meis

431 872 721 916 miserrimis
758 872 888 916 curis
928 875 1006 916 est
1044 885 1145 915 una
1183 867 1366 925 levata,
1405 871 1462 925 si,
1501 875 1559 915 ut
1596 869 1786 926 scribis,
1824 871 1922 916 ista

430 956 688 1004 hereditas
712 956 866 1003 fidem
890 963 944 1003 et
967 954 1156 1002 famam
1179 971 1347 1002 meam
1369 958 1502 1002 tueri
1526 962 1725 1019 potest;
1768 971 1921 1019 quam

430 1043 635 1108 quidem
657 1042 900 1108 intellego
922 1049 976 1090 te
1000 1045 1156 1090 etiam
1179 1044 1286 1089 sine
1308 1041 1595 1089 hereditate
1618 1045 1718 1089 tuis
1742 1043 1920 1106 opibus

429 1131 756 1179 defensurum
778 1129 946 1177 fuisse.
1016 1129 1097 1176 De
1120 1129 1241 1176 dote
1264 1129 1400 1193 quod
1420 1130 1612 1186 scribis,
1635 1145 1726 1192 per
1747 1146 1922 1177 omnes

430 1219 551 1266 deos
576 1225 630 1265 te
655 1219 899 1273 obtestor,
925 1224 984 1263 ut
1008 1223 1173 1263 totam
1196 1232 1305 1263 rem
1329 1219 1567 1280 suscipias
1594 1223 1647 1263 et
1671 1215 1809 1263 illam
1832 1219 1923 1263 mi-

431 1322 594 1353 seram
620 1321 736 1352 mea
760 1304 908 1368 culpa
935 1311 988 1351 et
1014 1303 1342 1368 neglegentia
1367 1310 1544 1350 tueare
1571 1306 1696 1350 meis
1724 1304 1919 1367 opibus,

431 1396 470 1440 si
497 1409 628 1456 quae
655 1399 790 1448 sunt,
816 1394 934 1448 tuis,
960 1391 1141 1455 quibus
1166 1391 1261 1438 tibi
1286 1389 1557 1437 molestum
1582 1407 1682 1437 non
1708 1392 1823 1447 erit,
1849 1389 1921 1437 fa·-

431 1480 719 1527 cultatibus.
790 1478 881 1525 Cui
912 1478 1118 1542 quidem
1147 1477 1324 1525 deesse
1353 1480 1538 1534 omnia,
1568 1477 1703 1541 quod
1732 1478 1921 1535 scribis,

431 1569 638 1614 obsecro
662 1573 734 1622 te,
760 1565 860 1612 noli
886 1568 1009 1629 pati.
1081 1565 1141 1611 In
1166 1581 1290 1629 quos
1316 1567 1451 1612 enim
1476 1571 1706 1628 sumptus
1732 1565 1923 1612 abeunt

431 1654 624 1701 fructus
658 1652 1016 1717 praediorum?
1085 1652 1194 1698 Iam
1225 1651 1310 1698 illa
1343 1650 1427 1697 HS
1460 1655 1537 1707 ΙΤΧ,
1571 1668 1702 1715 quae
1735 1652 1923 1708 scribis,

433 1758 580 1788 nemo
622 1739 743 1787 mihi
789 1757 1029 1803 umquam
1072 1739 1201 1786 dixit
1242 1755 1306 1785 ex
1348 1738 1467 1785 dote
1511 1755 1620 1785 esse
1661 1738 1922 1794 detracta3

433 1845 709 1891 numquam
735 1830 869 1874 enim
895 1843 1058 1874 essem
1081 1843 1270 1890 passus.
1340 1824 1440 1872 Sed
1463 1824 1589 1872 haee
1613 1828 1822 1872 minima
1846 1831 1923 1873 est

432 1933 495 1964 ex
519 1919 589 1963 eis
612 1917 821 1971 iniuriis,
844 1931 967 1978 quas
990 1916 1191 1976 accepi3
1225 1913 1289 1959 de
1313 1913 1493 1976 quibus
1516 1912 1581 1959 ad
1601 1919 1656 1959 te
1678 1911 1848 1960 dolore
1871 1918 1924 1959 et

432 2003 649 2050 lacrimis
685 2002 904 2049 scribere
953 1999 1231 2064 prohibeor.
1314 2000 1392 2046 Ex
1430 2016 1491 2047 ea
1524 2002 1756 2063 pecunia,
1793 2015 1923 2063 quae

432 2090 529 2137 fuit
566 2093 617 2136 in
654 2089 793 2145 Asia,
830 2095 1030 2152 partem
1067 2087 1327 2134 dimidiam
1365 2086 1471 2133 fere
1511 2089 1673 2151 exegi.
1742 2086 1921 2133 Tutius

432 2177 698 2224 videbatur
724 2175 830 2222 fore
857 2176 943 2230 ibi,
972 2176 1057 2222 ubi
1086 2181 1181 2230 est,
1209 2191 1360 2237 quam
1388 2173 1523 2237 apud
1547 2172 1855 2237 publicanos.

494 2264 644 2322 Quod
678 2279 761 2310 me
784 2262 1017 2318 hortaris,
1040 2269 1098 2309 ut
1121 2261 1263 2308 firmo
1285 2263 1378 2307 sim
1401 2263 1584 2315 animo,
1608 2259 1788 2307 vellem
1810 2276 1922 2323 pos-

431 2369 509 2399 ses
542 2350 731 2414 aliquid
761 2349 979 2406 adferre,
1011 2365 1163 2412 quam
1194 2349 1258 2395 ob
1288 2364 1395 2394 rem
1425 2347 1476 2394 id
1505 2346 1672 2394 facere
1702 2363 1918 2410 possem.

431 2439 548 2494 Sed,
584 2441 622 2484 si
659 2437 725 2484 ad
757 2444 953 2483 ceteras
987 2438 1211 2483 miserias
1247 2437 1457 2482 accessit
1493 2437 1649 2481 etiam
1682 2434 1750 2490 id,
1786 2433 1921 2497 quod

430 2525 547 2572 mihi
580 2524 886 2589 Chrysippus
914 2523 1043 2570 dixit
1069 2525 1234 2587 parari
1261 2523 1339 2585 (tu
1367 2521 1487 2567 nihil
1516 2520 1827 2585 significasti)
1855 2519 1919 2567 de

436 2629 525 2675 354
