1988 3008
63 1868 159 1916 Scr.
183 1869 230 1916 in

62 1936 308 1982 Formiano

66 2002 203 2048 XIII
221 2002 282 2049 K.

64 2068 177 2132 Apr.
205 2086 248 2115 a.
278 2070 369 2119 705

694 178 978 227 MARCUS
1022 180 1326 228 TULLIUS
1373 181 1625 230 CICERO

412 307 630 369 dignitas
650 305 984 354 vehementer
999 314 1186 354 movet.
1254 308 1464 371 Aliquot
1481 311 1616 356 enim
1629 316 1749 358 sunt
1765 314 1902 369 anni,

411 390 525 419 cum
546 390 629 419 vos
650 373 749 419 duo
770 373 954 436 delegi,
974 390 1096 436 quos
1115 378 1389 438 praecipue
1407 375 1627 423 colerem
1647 383 1702 423 et
1720 378 1899 440 quibus

413 455 593 494 essem,
622 442 753 486 sicut
782 456 912 494 sum,
942 443 1287 487 amicissimus.
1356 441 1522 499 Quam
1551 442 1618 490 ob
1646 459 1756 490 rem
1786 460 1817 490 a
1844 451 1900 492 te

410 512 532 567 peto
560 505 639 551 vel
664 509 831 567 potius
859 507 1090 553 omnibus
1116 513 1171 553 te
1197 507 1432 569 precibus
1460 524 1548 555 oro
1576 515 1630 556 et
1656 509 1903 567 obtestor,

411 578 469 617 ut
501 575 552 616 in
584 574 684 617 tuis
718 575 951 618 maximis
983 576 1115 619 curis
1149 573 1336 636 aliquid
1366 577 1628 637 impertias
1660 579 1902 639 temporis

411 635 525 683 huic
557 654 758 700 quoque
789 642 1103 701 cogitationi,
1132 647 1190 686 ut
1221 647 1316 687 tuo
1345 640 1591 688 beneficio
1620 641 1780 689 bonus
1810 646 1903 699 vir,

410 711 606 766 gratus,
620 707 730 766 pius
747 704 966 767 denique
987 721 1097 752 esse
1110 708 1162 751 in
1179 709 1389 752 maximi
1407 707 1640 754 beneficii
1657 712 1902 755 memoria

409 773 611 832 possim.
681 769 826 828 Quae
857 774 899 816 si
928 778 1132 818 tantum
1163 772 1228 819 ad
1256 789 1339 819 me
1368 776 1533 835 ipsum
1561 777 1901 836 pertinerent,

410 852 669 898 sperarem
691 853 774 883 me
798 852 827 882 a
849 844 905 884 te
927 844 1103 884 tamen
1125 841 1539 901 impetraturum,
1560 839 1668 896 sed,
1689 847 1748 887 ut
1769 841 1902 887 arbi-

409 910 536 959 tror,
561 909 616 949 et
640 902 706 949 ad
729 910 873 950 tuam
899 903 1052 951 fidem
1077 911 1132 951 et
1157 905 1222 951 ad
1245 921 1354 951 rem
1377 905 1632 968 publicam
1654 910 1902 969 pertinet,

410 985 492 1015 me
520 975 574 1015 et
598 972 735 1031 pacis
763 976 818 1016 et
843 973 1108 1033 utriusque
1134 978 1362 1018 vestrum
1387 975 1622 1029 amicum,
1648 979 1703 1019 et
1728 972 1794 1020 ad
1818 989 1902 1020 ve-

409 1042 569 1081 stram
587 1035 608 1065 1
631 1042 685 1082 et
708 1035 774 1082 ad
795 1038 979 1083 civium
1000 1037 1317 1084 concordiam
1339 1054 1434 1101 per
1454 1045 1510 1085 te
1533 1054 1686 1102 quam
1707 1054 1901 1086 accom-

410 1101 812 1149 modatissimum
844 1107 1143 1151 conservari.
1211 1104 1340 1167 Ego,
1372 1121 1488 1151 cum
1521 1112 1675 1153 antea
1705 1106 1801 1152 tibi
1834 1105 1899 1152 de

413 1167 630 1215 Lentulo
673 1172 865 1231 gratias
911 1173 1147 1232 egissem,
1190 1187 1306 1217 cum
1349 1174 1397 1217 ei
1438 1170 1606 1228 saluti,
1649 1174 1735 1235 qui
1775 1171 1900 1219 mihi

411 1233 598 1290 fuerat,
623 1234 820 1292 fuisses,
844 1242 1019 1282 tamen
1046 1237 1190 1283 lectis
1218 1241 1324 1283 eius
1349 1237 1553 1295 litteris,
1578 1253 1702 1301 quas
1728 1237 1794 1285 ad
1816 1255 1899 1286 me

410 1303 698 1364 gratissimo
743 1305 910 1348 animo
955 1302 1020 1349 de
1063 1310 1154 1350 tua
1198 1303 1508 1352 liberalitate
1550 1303 1899 1367 beneficioque

410 1370 566 1423 misit,
607 1367 822 1414 eandem
862 1371 932 1415 mi
972 1369 1146 1416 videor
1165 1369 1184 1399 ²
1223 1369 1441 1417 salutem
1480 1386 1511 1416 a
1548 1376 1605 1418 te
1643 1374 1899 1433 accepisse

412 1449 564 1495 quam
599 1433 696 1480 ille.
768 1434 827 1480 In
863 1451 1014 1497 quem
1049 1439 1090 1482 si
1123 1452 1207 1482 me
1241 1436 1494 1500 intellegis
1530 1452 1640 1483 esse
1674 1444 1899 1500 gratum,

411 1515 547 1556 cura,
572 1500 798 1557 obsecro,
822 1508 880 1550 ut.
905 1505 1060 1548 etiam
1084 1505 1135 1548 in
1159 1501 1455 1566 Pompeium
1479 1519 1588 1550 esse
1611 1506 1811 1566 possim.

1103 1680 1205 1727 XII

927 1792 1101 1823 CICERO
1134 1793 1309 1824 ATTICO
1343 1793 1440 1825 SAL.

480 1871 729 1935 Legeram
761 1880 873 1919 tuas
908 1873 1103 1920 litteras
1137 1889 1228 1919 xm
1266 1874 1348 1930 K.,
1380 1890 1495 1920 cum
1526 1872 1649 1921 mihi
1683 1873 1899 1937 epistula

415 1938 644 1985 adfertur
658 1956 687 1985 a
704 1939 868 2001 Lepta
883 1940 1314 1987 circumvallatum
1329 1957 1438 1987 esse
1453 1940 1767 2004 Pompeium,
1780 1944 1898 1987 rati-

415 2005 507 2050 bus
541 2008 696 2051 etiam
729 2009 893 2052 exitus
926 2013 1101 2068 portus
1133 2010 1314 2053 teneri.
1383 2006 1496 2054 Non
1526 2006 1722 2054 medius
1754 2006 1898 2053 fidius

416 2087 538 2133 prae
552 2071 767 2118 lacrimis
781 2088 985 2135 possum
997 2073 1190 2136 reliqua
1204 2089 1297 2120 nec
1311 2076 1539 2136 cogitare
1553 2089 1647 2120 nec
1659 2073 1897 2120 scribere.

419 2138 536 2183 Misi
563 2137 628 2184 ad
651 2145 706 2184 te
733 2138 1036 2201 exemplum.
1108 2139 1322 2186 Miseros
1348 2139 1463 2186 nos!
1489 2155 1578 2186 cur
1601 2155 1701 2186 non
1725 2155 1898 2186 omnes

416 2203 578 2249 fatum
591 2204 718 2250 illius
735 2221 834 2250 una
849 2208 1074 2252 exsecuti
1089 2222 1258 2252 sumus
1275 2205 1293 2250 ?
1353 2205 1484 2252 Ecce
1499 2212 1672 2252 autem
1687 2221 1716 2252 a
1733 2204 1897 2252 Matio

417 2277 469 2315 et
496 2270 733 2317 Trebatio
761 2270 958 2327 eadem,
986 2272 1164 2334 quibus
1195 2272 1483 2318 Menturnis
1510 2271 1642 2319 obvii
1668 2270 1898 2318 Caesaris

413 2335 678 2383 tabellarii,
745 2337 1004 2400 Torqueor
1026 2337 1218 2395 infelix,
1240 2345 1297 2385 ut
1318 2341 1419 2384 iam
1440 2338 1579 2384 illum
1604 2337 1897 2385 Mucianum

581 2442 596 2466 ²
625 2443 828 2490 amicum,
847 2447 892 2482 et
910 2443 966 2483 ad
985 2448 1175 2484 vestram
1193 2443 1325 2484 added
1341 2443 1394 2493 by
1412 2443 1642 2485 Lehmann.

578 2497 593 2520 ²
623 2497 683 2535 mi
696 2496 844 2537 videor
858 2497 994 2546 Klotz,
1007 2497 1196 2538 Schmidt
1213 2511 1230 2546 ,·
1258 2510 1327 2537 me
1342 2497 1474 2538 MSS.

413 2586 502 2629 240
