1988 3008
84 1430 179 1478 Scr.

83 1497 302 1545 Luceriae

86 1563 220 1610 XIII
240 1572 318 1611 aul

86 1630 194 1676 XII
212 1630 273 1677 K.

85 1696 232 1743 Mart.
259 1714 302 1743 a.

84 1765 176 1813 705

724 233 1008 281 MARCUS
1052 233 1353 282 TULLIUS
1398 234 1649 282 CICERO

439 361 668 423 (habebis
714 369 905 418 autem,
950 378 1042 425 per
1087 362 1223 425 quod
1266 363 1463 426 possis),
1509 362 1632 426 quid
1678 363 1927 412 Lentulus

436 456 625 505 noster,
657 448 779 512 quid
811 449 1065 495 Domitius
1098 455 1236 512 agat,
1269 448 1395 512 quid
1427 456 1628 496 acturus
1661 452 1743 506 sit,
1775 466 1929 514 quem

437 535 503 582 ad
523 535 730 582 modum
751 551 884 582 nunc
906 551 960 582 se
983 542 1182 599 gerant,
1205 552 1327 582 num
1350 552 1503 599 quem
1526 543 1783 594 accusent,
1805 553 1927 584 num

436 624 515 668 cui
542 621 1057 684 suscenseant—quid
1083 622 1195 669 dico
1222 639 1344 669 num
1369 623 1484 669 cui?
1519 640 1641 670 num
1669 621 1927 687 Pompeio.

437 708 655 755 Omnino
680 708 880 771 culpam
905 725 1107 755 omnem
1133 707 1402 772 Pompeius
1425 712 1478 755 in
1503 709 1789 757 Domitium
1812 727 1927 758 con-

435 793 552 850 fert,
598 794 733 858 quod
776 797 930 857 ipsius
972 794 1156 842 litteris
1201 799 1434 860 cognosci
1478 804 1668 860 potest,
1713 814 1927 861 quarum

436 881 726 944 exemplum
751 881 816 928 ad
839 888 893 929 te
918 884 1044 928 misi.
1114 882 1257 929 Haec
1281 885 1437 947 igitur
1461 883 1671 941 videbis,
1696 891 1767 941 et,
1791 884 1928 948 quod

435 967 499 1013 ad
529 974 582 1014 te
614 975 733 1014 ante
764 971 954 1031 scripsi,
986 969 1218 1015 Demetri
1253 968 1513 1034 Magnetis
1542 969 1743 1027 librum,
1773 987 1927 1035 quem

436 1053 499 1100 ad
523 1060 576 1100 te
601 1056 737 1101 misit
762 1054 826 1101 de
850 1055 1132 1111 concordia,
1157 1055 1307 1102 velim
1330 1055 1452 1102 mihi
1476 1059 1665 1104 mittas.

1112 1237 1186 1284 XI
1192 1237 1248 1284 Ia

433 1349 509 1379 CN.
537 1349 734 1381 MAGNUS
760 1350 955 1381 PROCOS.
983 1350 1020 1381 S.
1048 1351 1095 1381 D.
1122 1350 1163 1381 C.
1191 1351 1463 1392 MARCELLO,
1488 1351 1528 1382 L.
1556 1352 1776 1384 LENTULO
1799 1352 1924 1385 COSS.

499 1431 626 1494 Ego,
665 1431 801 1494 quod
840 1432 1193 1479 existimabam
1231 1432 1481 1496 dispersos
1521 1450 1608 1480 nos
1648 1451 1814 1498 neque
1851 1437 1923 1482 rei

436 1517 666 1580 publicae
696 1517 845 1564 utiles
875 1535 1042 1581 neque
1071 1519 1213 1565 nobis
1242 1519 1492 1582 praesidio
1522 1536 1630 1567 esse
1660 1537 1823 1584 posse,
1851 1521 1925 1568 id-

434 1606 564 1650 circo
593 1603 658 1650 ad
687 1604 743 1650 L.
777 1605 1059 1651 Domitium
1087 1604 1284 1652 litteras
1312 1609 1441 1662 misi,
1469 1609 1687 1669 primum
1714 1611 1790 1655 uti
1817 1611 1925 1672 ipse

436 1707 549 1736 cum
571 1693 705 1737 omni
727 1694 870 1753 copia
891 1691 956 1738 ad
977 1708 1066 1738 nos
1088 1694 1311 1747 veniret3
1346 1695 1385 1739 si
1407 1693 1471 1740 de
1493 1710 1546 1740 se
1569 1693 1845 1751 dubitaret,
1866 1702 1925 1742 ut

435 1776 666 1824 cohortes
691 1793 853 1834 XVIIII,
879 1795 1009 1841 quae
1035 1795 1097 1825 ex
1124 1777 1308 1825 Piceno
1333 1779 1398 1826 ad
1420 1796 1503 1826 me
1526 1783 1625 1827 iter
1647 1779 1924 1839 habebant,

436 1863 500 1910 ad
530 1881 617 1910 nos
647 1867 893 1911 mitteret.
962 1865 1112 1922 Quod
1141 1869 1329 1912 veritus
1360 1883 1487 1923 sum,
1517 1866 1710 1914 factum
1740 1876 1836 1925 est,
1866 1876 1923 1916 ut

435 1950 688 1997 Domitius
707 1951 1049 2014 implicaretur
1069 1959 1123 1999 et
1141 1969 1309 2016 neque
1329 1956 1436 2016 ipse
1456 1957 1577 2001 satis
1598 1954 1768 2002 firmus
1788 1963 1923 2003 esset

434 2037 498 2083 ad
526 2045 690 2083 castra
719 2036 967 2095 facienda,
998 2038 1134 2102 quod
1166 2056 1305 2086 meas
1343 2056 1486 2086 xvnn
1518 2047 1571 2087 et
1600 2057 1713 2088 suas
1743 2058 1814 2088 ΧΠ
1842 2059 1920 2089 co-

432 2122 602 2170 hortes
646 2125 807 2171 tribus
851 2127 902 2170 in
946 2124 1141 2188 oppidis
1186 2126 1481 2173 distributas
1526 2126 1738 2175 haberet
1783 2129 1921 2191 (nam

432 2213 617 2273 partim
644 2210 824 2268 Albae,
850 2215 1038 2274 partim
1064 2211 1301 2260 Sulmone
1329 2212 1628 2276 collocavit),
1656 2231 1822 2279 neque
1849 2232 1920 2273 se,

432 2300 471 2342 si
499 2296 667 2352 vellet,
693 2297 933 2360 expedire
958 2306 1143 2361 posset.

497 2383 642 2429 Nunc
661 2386 841 2430 scitote
862 2401 944 2431 me
966 2401 1074 2432 esse
1095 2388 1147 2431 in
1166 2402 1362 2433 summa
1381 2386 1731 2436 sollicitudine.
1789 2388 1920 2436 Nam

434 2476 487 2515 et
512 2476 590 2515 tot
615 2476 669 2516 et
692 2469 820 2516 tales
846 2474 973 2518 viros
997 2472 1218 2534 periculo
1243 2473 1511 2520 obsidionis
1537 2474 1748 2522 liberare
1774 2479 1919 2539 cupio

434 2571 598 2617 neque
627 2556 845 2603 subsidio
872 2560 943 2604 ire
973 2575 1192 2621 possum,
1221 2560 1355 2624 quod
1383 2559 1457 2607 his
1487 2561 1680 2608 duabus
1710 2561 1914 2626 legioni-

436 2647 522 2693 150
