2034 3008
716 233 998 282 MARCUS
1042 232 1342 282 TULLIUS
1387 232 1637 280 CICERO

1129 417 1224 464 VII

921 531 1093 561 CICERO
1129 530 1301 560 ATTICO
1336 529 1432 561 SAL.

87 621 183 668 Sor,
220 621 267 669 in
301 622 412 669 For-
502 611 528 628 “
555 613 841 676 Dionysius,
869 615 940 657 vir
966 619 1220 674 optumus,
1249 619 1304 658 ut
1331 610 1449 657 mihi
1478 627 1678 674 quoque
1707 617 1784 658 est
1810 626 1921 674 per-

87 690 238 735 mz‘ano
302 689 416 735 inter
438 697 656 752 spectus,
674 697 727 736 et
743 689 1076 735 doctissumus
1092 691 1270 751 tuique
1287 691 1694 744 amantissumus,
1711 687 1924 734 Romam

89 754 224 800 ΧῘῙῙ
273 762 313 801 el
367 755 414 801 X
439 768 575 811 venit
599 781 661 811 xv
690 765 902 812 Kalend.
933 765 1038 810 Ian.
1068 771 1121 811 et
1145 764 1341 811 litteras
1368 781 1398 810 a
1421 771 1475 810 te
1501 763 1621 810 mihi
1646 761 1921 810 reddidit.”

87 820 147 866 Κ·
211 821 308 867 Ian·
369 839 412 868 α·
438 842 533 888 Tot
555 845 688 888 enim
709 842 862 888 verba
881 848 998 888 sunt
1019 841 1082 888 de
1104 841 1347 904 Dionysio
1366 843 1417 886 in
1438 839 1655 904 epistula
1673 847 1781 897 tua,
1799 839 1923 887 illud

88 889 180 937 704
439 926 618 982 putato
647 935 747 965 non
778 918 1031 973 adscribis,
1062 917 1088 933 “
1115 924 1169 964 et
1197 918 1290 964 tibi
1319 919 1508 981 gratias
1540 915 1697 981 egit.”
1765 917 1924 980 Atqui

437 1003 575 1042 certe
602 994 684 1042 ille
712 1011 863 1059 agere
891 995 1085 1050 debuit,
1114 1001 1184 1050 et,
1211 997 1249 1041 si
1279 1001 1414 1041 esset
1440 993 1650 1051 factum,
1677 1010 1807 1058 quae
1835 1000 1926 1040 tua

437 1080 514 1119 est
532 1071 836 1127 humanitas,
855 1071 1214 1134 adscripsisses.
1287 1070 1415 1116 Mihi
1435 1077 1609 1117 autem
1626 1070 1762 1117 nulla
1780 1069 1844 1118 de
1864 1086 1924 1118 eo

431 1149 684 1213 παλινῳδία
723 1148 872 1195 datur
920 1155 1126 1212 propter
1174 1151 1441 1211 superioris
1490 1147 1736 1211 epistulae
1782 1149 1925 1194 testi-

432 1229 670 1272 monium.
740 1225 815 1271 Sit
847 1228 1002 1289 igitur
1035 1242 1155 1272 sane
1188 1226 1349 1271 bonus
1383 1227 1470 1271 vir.
1541 1224 1652 1271 Hoc
1685 1226 1820 1272 enim
1852 1227 1924 1288 ip-

434 1320 542 1349 sum
578 1303 708 1349 bene
743 1301 881 1358 fecit,
918 1302 1052 1365 quod
1087 1301 1205 1348 mihi
1243 1305 1317 1348 sui
1352 1301 1684 1365 cognoscendi
1721 1303 1924 1364 penitus

434 1383 590 1426 etiam
605 1382 755 1425 istam
771 1378 1069 1426 facultatem
1086 1378 1242 1425 dedit.
1316 1376 1616 1442 Philogenes
1631 1385 1772 1426 recte
1790 1377 1855 1424 ad
1869 1384 1924 1425 te

434 1459 658 1519 scripsit;
694 1459 887 1502 curavit
908 1459 1058 1511 enim,
1080 1455 1216 1518 quod
1235 1455 1427 1502 debuit.
1499 1455 1629 1501 Eum
1650 1471 1746 1518 ego
1765 1457 1838 1501 uti
1861 1471 1922 1501 ea

434 1535 647 1597 pecunia
671 1532 819 1588 volui,
845 1532 1012 1596 quoad
1033 1532 1238 1587 liceret3
1279 1535 1454 1595 itaque
1479 1548 1596 1578 usus
1622 1539 1700 1579 est
1723 1547 1925 1578 menses

435 1626 562 1656 xnn.
634 1607 957 1672 Pomptinum
991 1612 1138 1672 cupio
1173 1609 1356 1665 valere,
1393 1616 1463 1664 et,
1499 1608 1635 1672 quod
1668 1609 1839 1655 scribis
1873 1611 1925 1654 in

435 1688 612 1733 urbem
642 1689 889 1742 introisse,
921 1702 1111 1742 vereor,
1143 1686 1264 1749 quid
1294 1688 1386 1739 sit3
1435 1702 1553 1732 nam
1583 1685 1634 1732 id
1663 1687 1756 1732 nisi
1786 1687 1923 1749 gravi

436 1763 499 1810 de
527 1779 677 1809 causa
705 1779 805 1809 non
833 1761 1051 1808 fecisset.
1121 1762 1248 1826 Ego,
1279 1765 1516 1825 quoniam
1546 1777 1625 1807 1111
1656 1761 1783 1808 Non.
1816 1761 1921 1809 Ian.

435 1839 798 1902 compitalicius
819 1838 926 1885 dies
949 1845 1043 1894 est,
1066 1838 1179 1885 nolo
1202 1855 1262 1886 eo
1284 1838 1366 1885 die
1387 1841 1438 1884 in
1460 1838 1716 1886 Albanum
1736 1840 1926 1896 venire,

437 1933 499 1963 ne
533 1916 773 1962 molestus
807 1914 1026 1962 familiae
1061 1918 1272 1962 veniam.
1345 1931 1403 1961 111
1438 1914 1566 1962 Non.
1603 1915 1710 1962 Ian.
1745 1917 1927 1980 igitur3

437 1993 552 2040 inde
591 1993 654 2039 ad
690 1993 866 2039 urbem
907 1991 1065 2055 pridie
1103 1992 1287 2039 Nonas.
1370 1991 1478 2039 Tua
1511 1995 1652 2056 λῆψις
1689 2008 1842 2056 quem
1875 1995 1926 2039 in

436 2070 570 2117 diem
622 2073 856 2125 incurrat,
906 2072 1089 2125 nescio,
1138 2069 1226 2116 sed
1275 2085 1474 2132 prorsus
1524 2075 1576 2116 te
1624 2072 1922 2116 commoveri

437 2145 751 2193 incommodo
775 2145 1075 2192 valetudinis
1098 2153 1220 2192 tuae
1244 2145 1371 2192 nolo.

502 2223 582 2269 De
612 2222 798 2269 honore
822 2229 993 2268 nostro
1015 2224 1106 2268 nisi
1131 2221 1252 2285 quid
1274 2221 1470 2268 occulte
1493 2221 1678 2268 Caesar
1700 2238 1791 2285 per
1813 2239 1926 2269 suos

437 2301 664 2347 tribunos
686 2298 887 2344 molitus
911 2302 1024 2354 erit,
1046 2306 1217 2345 cetera
1239 2298 1473 2345 videntur
1495 2315 1604 2344 esse
1626 2298 1925 2362 tranquilla3

438 2374 873 2439 tranquillissimus
898 2382 1070 2421 autem
1095 2377 1289 2421 animus
1313 2391 1472 2431 meus,
1497 2378 1581 2438 qui
1607 2382 1773 2422 totum
1796 2377 1925 2422 istuc

440 2454 587 2514 aequi
609 2452 726 2497 boni
746 2450 885 2505 facit,
902 2458 955 2497 et
978 2467 1037 2497 eo
1059 2454 1238 2515 magis,
1255 2451 1386 2514 quod
1411 2454 1508 2497 iam
1534 2468 1561 2496 a
1586 2449 1755 2497 multis
1778 2451 1926 2499 audio

439 2531 769 2575 constitutum
797 2543 904 2573 esse
933 2525 1170 2590 Pompeio
1195 2535 1248 2574 et
1274 2531 1378 2573 eius
1403 2527 1609 2574 concilio
1634 2532 1684 2573 in
1709 2526 1925 2574 Siciliam

441 2621 499 2677 38
