1988 3008
711 211 994 259 MARCUS
1039 210 1341 258 TULLIUS
1386 210 1638 258 CICERO

427 341 546 387 mihi
595 358 624 387 a
668 347 721 387 te
767 357 867 387 non
914 356 1022 386 esse
1068 339 1312 395 redditas,
1358 356 1482 402 quas
1529 339 1586 385 L.
1634 338 1918 397 Quinctius,

427 413 682 460 familiaris
710 430 870 469 meus,
898 430 1011 459 cum
1040 412 1215 468 ferret,
1244 413 1309 459 ad
1334 413 1543 459 bustum
1570 412 1721 459 Basili
1747 412 1919 459 vulne-

425 495 564 534 ratus
601 495 654 534 et
688 487 995 550 despoliatus
1031 494 1124 533 est.
1193 486 1399 533 Videbis
1434 489 1606 549 igitur,
1641 502 1763 532 num
1797 484 1919 548 quid

425 561 579 608 fuerit
614 565 666 607 in
701 565 776 618 iis,
815 561 950 624 quod
985 577 1068 607 me
1106 563 1232 607 scire
1269 577 1394 624 opus
1431 563 1514 616 sit,
1551 566 1606 606 et
1642 558 1790 606 simul
1824 557 1919 605 hoc

424 636 745 697 διευκρινήσεις
802 636 1062 698 πρόβλημα
1121 650 1242 681 Sane
1309 636 1566 683 πολιτικόν.
1658 633 1786 680 Cum
1853 635 1920 679 sit

425 725 630 754 necesse
662 715 751 754 aut
779 707 956 754 haberi
987 707 1213 754 Caesaris
1243 710 1493 754 rationem
1521 706 1606 753 illo
1637 709 1919 753 exercitum

424 782 503 828 vel
530 798 621 845 per
647 789 882 828 senatum
909 781 989 828 vel
1014 797 1106 844 per
1132 782 1360 828 tribunos
1387 780 1454 844 pl.
1484 781 1779 835 obtinente3
1825 786 1915 826 aut

424 856 716 918 persuaderi
740 856 959 911 Caesari,
983 862 1042 901 ut
1065 855 1238 902 tradat
1260 845 1747 918 provinciam'atque
1774 869 1919 900 exer-

423 928 582 975 citum
600 937 653 975 et
668 932 741 975 ita
757 929 928 975 consul
946 929 1062 983 fiat;
1098 936 1204 985 aut,
1222 931 1261 975 si
1277 928 1330 975 id
1347 932 1394 975 ei
1411 946 1511 975 non
1526 928 1913 991 persuadeatur,

424 1002 600 1049 haberi
629 1006 833 1049 comitia
863 1006 969 1048 sine
998 1002 1129 1049 illius
1158 1005 1355 1049 ratione
1385 1002 1469 1049 illo
1498 994 1730 1066 patiente
1761 1009 1917 1066 atque

425 1079 690 1124 obtinente
724 1079 1059 1139 provinciam;
1111 1083 1218 1132 aut,
1252 1079 1291 1122 si
1325 1093 1417 1139 per
1449 1077 1680 1123 tribunos
1713 1075 1781 1140 pl.
1816 1092 1917 1123 non

423 1154 649 1214 patiatur
681 1158 734 1197 et
766 1158 940 1197 tamen
975 1153 1220 1213 quiescat,
1252 1167 1359 1197 rem
1393 1150 1575 1197 adduci
1608 1150 1674 1197 ad
1705 1153 1916 1197 interre-

424 1239 608 1288 gnum3
658 1231 763 1280 aut,
794 1227 833 1270 si
863 1225 927 1270 ob
959 1241 1072 1270 eam
1102 1241 1322 1280 causam,
1353 1224 1488 1287 quod
1517 1227 1647 1271 ratio
1679 1227 1786 1271 eius
1815 1240 1916 1271 non

424 1299 689 1354 habeatur,
719 1300 1000 1344 exercitum
1029 1298 1266 1354 adducat,
1297 1300 1445 1344 armis
1474 1314 1590 1344 cum
1619 1314 1679 1345 eo
1707 1305 1915 1345 conten-

425 1373 562 1428 dere,
583 1372 723 1418 illum
745 1379 918 1418 autem
940 1375 1141 1418 initium
1162 1371 1329 1418 facere
1353 1388 1606 1418 armorum
1629 1378 1718 1419 aut
1741 1374 1917 1419 statim

424 1448 565 1493 nobis
603 1450 765 1493 minus
803 1449 1010 1509 paratis,
1049 1453 1137 1492 aut
1174 1453 1302 1502 tum,
1339 1462 1455 1492 curn
1490 1448 1707 1493 comitiis
1745 1448 1916 1493 amicis

425 1525 530 1568 eius
553 1521 942 1584 postulantibus,
965 1527 1023 1566 ut
1046 1537 1074 1566 e
1096 1520 1210 1583 lege
1233 1522 1364 1566 ratio
1386 1519 1654 1576 habeatur,
1675 1523 1916 1583 impetra-

423 1602 535 1641 tum
566 1612 665 1640 non
697 1597 779 1650 sit,
809 1597 881 1640 ire
914 1602 1087 1640 autem
1119 1594 1184 1640 ad
1215 1611 1355 1640 arma
1386 1601 1475 1640 aut
1505 1593 1635 1640 hanc
1666 1610 1820 1641 unam
1850 1595 1915 1642 ob

423 1686 643 1725 causam,
674 1669 808 1731 quod
837 1672 966 1714 ratio
996 1685 1096 1714 non
1125 1667 1392 1724 habeatur,
1422 1675 1511 1715 aut
1542 1668 1717 1715 addita
1745 1685 1914 1726 causa,

424 1747 464 1789 si
489 1743 618 1789 forte
644 1744 876 1788 tribunus
900 1743 966 1805 pl.
994 1750 1228 1789 senatum
1252 1741 1534 1805 impediens
1559 1749 1649 1789 aut
1672 1742 1915 1806 populum

423 1821 636 1863 incitans
667 1824 871 1863 notatus
903 1824 990 1863 aut
1020 1824 1225 1863 senatus
1254 1816 1482 1863 consulto
1511 1819 1914 1879 circumscriptus

425 1898 514 1937 aut
546 1890 771 1937 sublatus
805 1897 894 1937 aut
927 1891 1163 1953 expulsus
1195 1893 1261 1937 sit
1292 1890 1614 1937 dicensve‘se
1648 1890 1914 1953 expulsum

425 1965 489 2011 ad
507 1965 645 2010 illum
663 1964 965 2027 confugerit,
985 1971 1218 2027 suscepto
1238 1971 1412 2011 autem
1428 1964 1561 2011 bello
1580 1971 1670 2011 aut
1687 1964 1914 2011 tenenda

424 2042 487 2084 sit
512 2040 627 2084 urbs
652 2046 739 2084 aut
763 2055 823 2084 ea
845 2038 1022 2084 relicta
1043 2037 1126 2084 ille
1148 2045 1436 2084 commeatu
1459 2044 1513 2085 et
1534 2037 1737 2101 reliquis
1759 2041 1913 2101 copiis

425 2111 1039 2175 intercludendus—quod
1071 2111 1251 2158 horum
1283 2112 1546 2168 malorum,
1581 2129 1794 2175 quorum
1828 2112 1914 2158 ali·
1986 2146 1988 2181 3

426 2186 561 2249 quod
589 2194 727 2232 certe
758 2186 1076 2232 subeundum
1107 2193 1203 2243 est,
1232 2189 1495 2233 minimum
1524 2193 1690 2249 putes.
1759 2186 1912 2233 Dices

424 2259 650 2323 profecto
685 2260 977 2322 persuaderi
1011 2260 1098 2316 illi,
1134 2267 1192 2307 ut
1226 2260 1399 2307 tradat
1435 2263 1715 2307 exercitum
1751 2267 1806 2307 et
1839 2263 1914 2307 ita

425 2333 596 2379 consul
625 2333 728 2379 fiat.
810 2333 903 2379 Est
933 2336 1134 2380 omnino
1167 2333 1219 2380 id
1248 2337 1354 2380 eius
1383 2333 1536 2389 modi,
1565 2340 1640 2390 ut,
1670 2336 1710 2380 si
1738 2333 1821 2380 ille
1851 2350 1912 2380 eo

425 2407 718 2462 descendat,
742 2414 917 2453 contra
942 2407 1049 2463 dici⁸
1064 2406 1187 2453 nihil
1210 2411 1384 2470 possit,
1409 2407 1561 2470 idque
1588 2423 1722 2463 eum,
1746 2409 1787 2453 si
1811 2423 1911 2453 non

425 2482 640 2536 obtinet,
670 2487 727 2527 ut
755 2484 883 2527 ratio
912 2480 1160 2528 habeatur
1187 2484 1454 2528 retinentis
1484 2483 1782 2537 exercitum,
1810 2496 1910 2526 non

423 2597 482 2652 48
