1988 3008
93 1544 188 1592 Scr.
223 1542 418 1590 Formiis

88 1611 207 1675 prid.
242 1610 300 1657 K.

95 1678 242 1725 Mart.
279 1695 322 1725 a.

95 1747 186 1796 705
268 1792 272 1797 .

711 256 992 305 MARCUS
1037 254 1338 303 TULLIUS
1384 253 1634 301 CICERO

431 394 678 437 rationem
695 395 915 434 nostram
935 386 1089 441 vides,
1107 384 1283 447 reliqui
1301 383 1598 430 facultatem
1613 399 1690 429 res
1708 382 1912 430 ademit.

435 471 500 517 Iis
535 477 723 525 autem,
758 468 936 531 quibus
971 483 1070 512 non
1104 468 1224 512 satis
1258 465 1404 520 facio,
1439 462 1584 510 facile
1618 463 1911 526 respondeo.

434 551 612 614 Neque
632 553 765 596 enim
785 565 880 612 ego
898 549 1100 593 amicior
1119 545 1172 592 C.
1194 545 1395 592 Caesari
1414 561 1654 607 umquam
1674 542 1742 590 fui
1763 560 1915 608 quam

434 631 502 677 illi
529 647 693 693 neque
718 629 786 675 illi
813 630 1070 675 amiciores
1095 629 1167 673 rei
1192 625 1423 689 publicae
1451 641 1602 688 quam
1628 640 1737 688 ego,
1807 623 1917 671 Hoc

435 715 567 758 inter
605 728 686 757 me
729 717 781 756 et
820 708 927 755 illos
966 711 1196 763 interest,
1237 705 1388 770 quod,
1429 722 1543 752 cum
1583 711 1637 751 et
1675 704 1742 750 illi
1785 707 1916 751 cives

436 795 612 856 optimi
637 794 752 846 sint,
778 797 831 837 et
856 806 950 854 ego
976 790 1039 835 ab
1064 791 1160 834 ista
1183 786 1332 834 laude
1356 803 1455 833 non
1482 786 1656 842 absim,
1682 801 1777 849 ego
1801 801 1917 832 con-

436 874 728 928 dicionibus,
751 871 886 935 quod
906 870 1041 916 idem
1064 876 1117 915 te
1139 867 1489 915 intellexeram
1512 865 1656 922 velle,
1678 865 1745 912 illi
1770 868 1918 912 armis

437 955 703 1018 disceptari
754 951 1053 999 maluerunt.
1123 948 1267 1008 Quae
1319 950 1553 1011 quoniam
1604 949 1733 993 ratio
1783 948 1919 1002 vicit,

437 1035 690 1099 perficiam
722 1032 965 1096 profecto,
998 1038 1055 1077 ut
1087 1046 1252 1093 neque
1285 1045 1363 1075 res
1396 1027 1597 1091 publica
1626 1029 1744 1074 civis
1778 1043 1807 1073 a
1838 1042 1919 1073 me

439 1118 659 1163 animum
683 1129 846 1177 neque
871 1120 928 1160 tu
952 1114 1098 1158 amici
1121 1109 1389 1158 desideres.

1127 1332 1229 1379 XII

923 1451 1096 1481 CICERO
1131 1448 1304 1480 ATTICO
1338 1447 1435 1479 SAL.

507 1539 632 1586 Mihi
674 1538 928 1585 molestior
965 1534 1213 1599 lippitudo
1252 1541 1360 1580 erat
1401 1535 1572 1587 etiam,
1613 1548 1761 1595 quam
1803 1537 1922 1578 ante

444 1621 623 1668 fuerat.
693 1619 900 1666 Dictare
930 1624 1102 1663 tamen
1134 1614 1261 1662 hanc
1293 1612 1559 1677 epistulam
1591 1611 1740 1659 malui
1773 1628 1924 1675 quam

445 1701 589 1748 Gallo
617 1700 771 1746 Fadio
799 1700 1141 1745 amantissimo
1169 1698 1429 1758 utriusque
1458 1700 1683 1740 nostrum
1713 1691 1832 1738 nihil
1861 1691 1925 1738 ad

445 1791 497 1829 te
543 1781 823 1828 litterarum
870 1778 1004 1825 dare.
1075 1777 1205 1823 Nam
1250 1775 1409 1839 pridie
1457 1773 1678 1837 quidem,
1725 1787 1925 1836 quoquo

445 1862 592 1910 modo
616 1868 898 1925 potueram,
918 1861 1211 1921 scripseram
1237 1859 1342 1920 ipse
1368 1872 1452 1902 eas
1476 1854 1689 1910 litteras,
1715 1835 1925 1917 duarum

446 1944 854 1989 vaticinationem
909 1938 1084 1985 falsam
1142 1954 1250 1984 esse
1305 1938 1466 1999 cupio.
1537 1934 1699 1981 Huius
1754 1939 1926 1980 autem

446 2022 690 2087 epistulae
708 2038 806 2068 non
826 2020 983 2067 solum
1001 2036 1060 2066 ea
1082 2035 1232 2065 causa
1255 2024 1350 2073 est,
1366 2023 1423 2063 ut
1445 2032 1509 2062 ne
1533 2017 1642 2078 quis
1665 2031 1694 2061 a
1715 2029 1797 2061 me
1820 2012 1925 2060 dies

446 2106 829 2157 intermittatur,
850 2104 970 2164 quin
991 2100 1106 2147 dem
1129 2099 1192 2146 ad
1212 2106 1265 2145 te
1286 2097 1498 2152 litteras,
1519 2095 1609 2142 sed
1628 2098 1784 2141 etiam
1803 2093 1928 2140 haec

449 2186 639 2238 iustior,
666 2190 722 2229 ut
749 2199 778 2228 a
804 2189 857 2228 te
883 2185 1227 2244 impetrarem,
1254 2185 1311 2225 ut
1337 2193 1559 2224 sumeres
1586 2173 1774 2238 aliquid
1799 2180 1927 2220 tem-

446 2267 594 2328 poris,
637 2279 735 2326 quo
778 2265 894 2325 quia
934 2262 1024 2307 tibi
1069 2262 1344 2324 perexiguo
1386 2274 1509 2321 opus
1552 2262 1646 2312 est,
1689 2253 1925 2318 explicari

447 2343 565 2390 mihi
583 2350 727 2390 tuum
744 2341 999 2389 consilium
1018 2340 1165 2404 plane
1183 2339 1310 2394 volo,
1327 2345 1382 2385 ut
1399 2340 1601 2401 penitus
1617 2334 1924 2399 intellegam.

512 2423 695 2471 Omnia
713 2430 829 2469 sunt
845 2425 1045 2486 integra
1062 2421 1232 2476 nobis3
1266 2418 1385 2465 nihil
1404 2418 1812 2482 praetermissum
1833 2421 1926 2470 est,

449 2503 583 2567 quod
604 2520 701 2550 non
725 2502 912 2549 habeat
935 2505 1215 2565 sapientem
1239 2501 1633 2553 excusationem,
1656 2512 1756 2543 non
1778 2493 1927 2542 modo

448 2582 769 2647 probabilem.
840 2582 969 2629 Nam
1011 2588 1148 2628 certe
1191 2595 1357 2644 neque
1399 2586 1510 2625 tum
1551 2579 1772 2641 peccavi,
1814 2591 1926 2622 cum

452 2674 536 2730 146
