1988 3008
697 230 980 280 MARCUS
1026 231 1328 279 TULLIUS
1373 230 1625 280 CICERO

601 362 684 424 τὴν
711 363 823 410 θεῶν
848 362 1079 425 μεγίστην
1103 359 1214 408 ὥστ’
1239 361 1359 424 ἔχειν
1382 358 1715 424 τυραννίδα-Ρ

414 467 517 515 Sibi
533 467 722 515 habeat
738 485 881 515 suam
897 467 1153 515 fortunam
1170 467 1179 512 l
1245 467 1413 514 Unam
1430 467 1716 514 mehercule
1732 475 1904 515 tecum

413 554 775 614 apricationem
807 554 859 596 in
890 550 974 597 illo
1008 551 1253 597 lucrativo
1286 558 1376 597 tuo
1409 550 1512 597 sole
1546 550 1718 597 malim
1752 567 1904 613 quam
1959 566 1965 570 ·

1984 355 1988 367 i.
1984 329 1988 339 ‚A
1984 312 1988 317 .
1975 0 1988 302 ..22-«2--21Q„221AE

414 637 581 681 omnia
601 637 743 681 istius
764 634 901 681 modi
921 651 1080 699 regna
1100 634 1179 681 vel
1199 637 1368 698 potius
1389 637 1515 681 mori
1535 634 1730 681 miliens
1753 651 1904 698 quam
1986 655 1988 658 ⁴

413 718 568 765 semel
597 721 740 765 istius
769 718 905 765 modi
934 721 1207 782 quicquam
1234 721 1475 782 cogitare.
1545 717 1572 734 ‘¹
1597 717 1750 776 Quid,
1779 721 1818 765 si
1847 725 1905 765 tu

412 803 567 850 velis?
593 801 620 818 ’'
649 805 828 866 inquis.
898 803 1029 867 Age,
1060 805 1169 866 quis
1199 810 1295 858 est,
1323 806 1402 849 cui
1431 801 1559 849 velle
1589 819 1689 848 non
1719 802 1904 849 liceat?

411 886 512 933 Sed
535 903 630 951 ego
653 885 747 933 hoc
768 889 933 949 ipsum
957 885 984 902 “
1009 886 1138 934 velle
1163 885 1190 902 ’'
1213 889 1443 933 miserius
1468 902 1577 933 esse
1600 885 1728 932 duco
1752 902 1905 949 quam

412 974 463 1017 in
497 987 696 1017 crucem
731 970 853 1017 tolli.
924 970 1041 1018 Una
1075 987 1154 1018 res
1191 978 1269 1018 est
1305 987 1367 1017 ea
1399 972 1647 1026 miserior,
1683 969 1905 1032 adipisci,

413 1055 548 1119 quod
593 1058 666 1101 ita
712 1054 939 1101 volueris.
1010 1053 1110 1101 Sed
1154 1053 1281 1101 haec
1327 1053 1587 1101 hactenus.
1660 1052 1905 1100 Libenter

413 1142 547 1186 enim
572 1141 624 1184 in
648 1137 723 1185 his
749 1138 991 1185 molestiis
1017 1140 1287 1203 ἐνσχολάζω
1310 1137 1493 1187 ἰ-όο-ον.1

476 1222 762 1269 Redeamus
794 1222 858 1268 ad
887 1230 1129 1269 nostrum.
1201 1220 1297 1268 Per
1326 1221 1580 1269 fortunas!
1631 1221 1779 1285 quale
1810 1222 1902 1268 tibi

412 1306 672 1353 consilium
699 1304 907 1369 Pompei
934 1306 1168 1353 videtur?
1213 1305 1306 1353 hoc
1334 1322 1540 1369 quaero,
1567 1305 1703 1369 quod
1730 1306 1906 1352 urbem

412 1390 687 1453 reliquerit.
756 1390 866 1454 Ego
899 1393 1034 1437 enim
1065 1394 1239 1452 ἀπορῶ.
1307 1389 1438 1436 Tum
1469 1388 1592 1436 nihil
1625 1389 1902 1436 absurdius.

413 1474 608 1521 Urbem
638 1481 696 1521 tu
728 1474 1014 1537 relinquas?
1066 1490 1186 1538 ergo
1217 1474 1370 1530 idem,
1402 1476 1441 1520 si
1475 1472 1605 1520 Galli
1638 1473 1904 1520 venirent?

415 1557 441 1574 “
467 1558 579 1604 Non
596 1556 725 1614 est,'’
740 1561 921 1621 inquit,
938 1557 964 1573 “
989 1561 1041 1604 in
1054 1558 1334 1621 parietibus
1348 1574 1427 1604 res
1442 1556 1694 1621 publica.''
1763 1557 1835 1604 At
1848 1560 1900 1603 in

413 1645 509 1689 aris
533 1650 585 1688 et
608 1641 743 1688 focis.
815 1641 841 1657 “
868 1642 1010 1689 Fecit
1030 1639 1446 1689 Tbemistocles.”
1515 1641 1750 1688 Fluctum
1772 1644 1906 1688 enim

413 1730 569 1773 totius
591 1727 854 1772 barbariae
877 1725 1009 1773 ferre
1031 1727 1150 1773 urbs
1171 1743 1273 1773 una
1294 1743 1395 1773 non
1414 1733 1634 1789 poterat.
1678 1726 1751 1773 At
1770 1726 1906 1773 idem

415 1809 631 1857 Pericles
656 1826 757 1857 non
781 1810 904 1857 fecit
930 1827 1118 1857 annum
1142 1809 1250 1857 fere
1274 1818 1390 1873 post
1415 1813 1905 1874 quinquagesimum,

413 1911 528 1941 cum
556 1901 758 1957 praeter
786 1897 987 1941 moenia
1015 1893 1136 1940 nihil
1165 1901 1369 1941 teneret
1385 1909 1397 1949 ;
1443 1896 1600 1940 nostri
1632 1893 1751 1940 olim
1782 1894 1906 1940 urbe
1986 1922 1988 1950 2

414 1978 606 2041 reliqua
631 1985 782 2041 capta
807 1995 974 2025 arcem
1000 1986 1175 2024 tamen
1199 1981 1535 2025 retinuerunt.

531 2087 664 2134 Οὕτω
687 2108 778 2134 που
800 2089 890 2134 τῶν
914 2087 1120 2147 πρόσθεν
1145 2086 1429 2147 ἐπευθόμεθα
1454 2085 1568 2132 κλέα
1593 2084 1778 2147 ἀνδρῶν.

414 2193 602 2239 Rursus
642 2200 815 2239 autem
853 2209 917 2239 ex
955 2192 1124 2239 dolore
1163 2191 1452 2254 municipali
1493 2192 1906 2254 sermonibusque

418 2293 606 2331 eorum,
636 2293 759 2339 quos
787 2279 1048 2331 convenio,
1077 2275 1276 2322 videtur
1303 2275 1397 2322 hoc
1425 2274 1682 2321 consilium
1713 2277 1907 2321 exitum

416 2358 719 2406 habiturum.
793 2358 927 2405 Mira
954 2358 1213 2406 hominum
1243 2359 1450 2422 querela
1478 2365 1557 2405 est
1575 2357 1774 2418 (nescio
1803 2373 1868 2404 an
1886 2357 1906 2387 2

574 2498 590 2522 ²
618 2508 766 2537 000οΝ
787 2497 919 2538 MSS.
940 2511 954 2537 .·
988 2503 1113 2539 τόσον
1135 2498 1306 2549 Tyrrell,
1327 2498 1482 2537 Purser
1501 2513 1517 2544 ‚·
1541 2469 1619 2540 {loon
1651 2495 1680 2538 V
1682 2495 1751 2537 ict-

575 2551 591 2574 ²
619 2563 674 2590 an
695 2550 825 2591 added
845 2551 895 2602 by
916 2551 1101 2592 Ernesti.

421 2641 478 2689 54
