1988 3008
72 1574 168 1622 Sor.
192 1573 240 1620 in

71 1641 318 1689 Formiano

80 1706 208 1755 VIII
226 1706 287 1753 K.

75 1774 187 1839 Apr.
209 1791 252 1820 a.
276 1774 368 1823 705

694 168 978 216 MARCUS
1022 168 1325 217 TULLIUS
1371 170 1625 220 CICERO

414 297 586 343 exsilio
644 297 878 344 reductos
924 312 1062 353 esse3
1126 301 1268 361 queri
1313 298 1377 346 de
1426 299 1619 348 Milone
1665 318 1756 366 per
1802 305 1903 350 vim

415 373 650 436 expulso3
709 377 965 421 neminem
1005 381 1181 422 tamen
1221 391 1275 422 se
1317 375 1636 434 violaturum,
1678 382 1771 426 nisi
1817 382 1900 442 qui

415 466 554 496 arma
572 457 760 497 contra.
830 451 972 498 Haec
991 451 1208 499 Baebius
1228 452 1435 516 quidam
1454 470 1484 500 a
1504 453 1720 503 Curione
1743 472 1801 502 111
1826 456 1902 503 Id.

414 527 687 590 profectus,
712 526 862 574 homo
888 545 988 575 non
1013 527 1194 585 infans,
1221 529 1311 576 sed
1336 533 1420 593 qui
1447 530 1511 577 de
1538 548 1627 578 suo
1655 532 1740 579 illa
1760 532 1779 562 1
1805 549 1906 579 non

415 605 566 651 dicat.
637 602 790 651 Plane
842 608 1027 660 nescio,
1079 606 1200 668 quid
1251 623 1415 670 agam.
1489 607 1617 654 Illim
1670 609 1907 673 equidem

416 683 649 729 Gnaeum
675 681 962 745 profectum
989 690 1128 746 puto.
1199 683 1454 747 Quicquid
1481 692 1577 740 est,
1603 686 1757 733 biduo
1784 689 1907 733 scie-

415 777 541 806 mus.
610 760 656 805 A
679 766 732 805 te
756 759 877 805 nihil
900 777 964 806 ne
987 760 1208 807 Anteros
1231 761 1437 824 quidem
1458 761 1773 818 litterarum3
1813 779 1908 810 nec

415 839 611 883 mirum.
675 836 809 894 Quid
825 840 958 883 enim
974 844 1069 893 est,
1084 837 1220 901 quod
1233 839 1506 885 scribamus
1523 839 1541 885 ?
1608 839 1719 903 Ego
1732 847 1908 888 tamen

417 914 608 960 nullum
631 914 766 960 diem
788 917 1158 977 praetermitto.

482 991 678 1054 Scripta
709 991 924 1054 epistula
953 991 1156 1038 litterae
1186 991 1306 1038 mihi
1339 999 1458 1039 ante
1488 992 1653 1040 lucem
1684 1010 1713 1040 a
1743 993 1910 1058 Lepta

419 1069 594 1131 Capua
619 1068 849 1115 redditae
877 1075 994 1115 sunt
1023 1069 1149 1116 Idib,
1181 1068 1337 1116 Mart.
1368 1067 1663 1133 Pompeium
1689 1087 1719 1116 a
1743 1070 1904 1118 Brun-

419 1146 544 1193 disio
568 1146 934 1203 conscendisse,
958 1153 1012 1192 at
1036 1145 1304 1193 Caesarem
1328 1163 1371 1193 a.
1397 1146 1445 1194 d.
1471 1162 1541 1193 vn
1569 1146 1679 1194 Kal.
1707 1147 1907 1211 Apriles

421 1223 625 1286 Capuae
651 1221 772 1269 fore.

1118 1369 1212 1415 XV

906 1483 1081 1513 CICERO
1116 1482 1289 1513 ATTICO
1323 1482 1421 1514 SAL.

488 1565 614 1612 Cum
649 1564 899 1611 dedissem
935 1565 999 1610 ad
1032 1572 1085 1610 te
1120 1564 1333 1620 litteras,
1367 1571 1424 1611 ut
1459 1566 1608 1611 scires
1643 1564 1912 1612 Caesarem

425 1642 628 1705 Capuae
655 1658 726 1688 vn
757 1641 866 1688 Kal.
897 1640 1020 1698 fore,
1048 1641 1230 1687 allatae
1258 1640 1378 1687 mihi
1406 1640 1580 1704 Capua
1606 1648 1724 1688 sunt
1751 1649 1804 1689 et
1828 1641 1911 1688 hic

425 1723 621 1783 copiam
642 1718 763 1765 mihi
787 1725 840 1765 et
859 1719 878 1747 2
899 1721 951 1764 in
973 1718 1171 1764 Albano
1195 1718 1330 1781 apud
1352 1717 1623 1765 Curionem
1644 1735 1675 1764 v
1701 1718 1762 1764 K.
1787 1717 1910 1765 fore.

426 1798 558 1844 Eum
578 1814 693 1843 cum
713 1796 901 1851 videro,
922 1796 1170 1858 Arpinum
1189 1811 1414 1858 pergam.
1483 1793 1534 1841 Si
1554 1793 1675 1841 mihi
1696 1797 1913 1851 veniam,

427 1892 579 1939 quam
603 1881 743 1937 peto,
769 1873 985 1928 dederit,
1010 1879 1126 1919 utar
1150 1872 1279 1919 illius
1303 1871 1626 1926 condicione;
1668 1873 1708 1918 si
1733 1874 1914 1928 minuS,

426 1952 709 2015 impetrabo
729 1950 917 2013 aliquid
935 1966 965 1996 a
983 1966 1065 1996 me
1090 1952 1213 2012 ipso.
1284 1948 1392 2004 Ille,
1419 1955 1476 1995 ut
1502 1948 1567 1995 ad
1591 1965 1674 1995 me
1700 1950 1914 2012 scripsit,

427 2029 651 2093 legiones
690 2027 910 2092 singulas
947 2029 1116 2090 posuit
1153 2025 1402 2082 Brundisi,
1438 2025 1664 2081 Tarenti,
1701 2024 1912 2088 Siponti.

431 2106 677 2152 Claudere
719 2104 840 2150 mihi
882 2104 1081 2151 videtur
1120 2105 1399 2149 maritimos
1441 2104 1607 2148 exitus
1649 2108 1702 2148 et
1741 2108 1917 2147 tamen

428 2186 535 2246 ipse
559 2182 824 2229 Graeciam
846 2188 1077 2244 spectare
1099 2182 1267 2243 potius
1290 2196 1442 2242 quam
1465 2178 1746 2240 Hispanias.
1816 2176 1916 2224 Sed

428 2259 554 2306 haec
582 2259 778 2323 longius
809 2259 1007 2304 absunt.
1078 2256 1169 2303 Me
1200 2273 1331 2302 nunc
1362 2263 1415 2302 et
1445 2270 1739 2318 congressus
1768 2253 1916 2301 huius

429 2335 655 2383 stimulat
702 2336 762 2398 (is
809 2351 926 2381 vero
973 2334 1156 2397 adest),
1203 2340 1256 2380 et
1303 2335 1487 2396 primas
1535 2335 1640 2378 eius
1688 2333 1916 2378 actiones

514 2441 531 2466 1
561 2441 633 2492 qui
654 2441 707 2480 de
729 2453 806 2480 suo
827 2440 899 2480 illa
922 2440 1082 2491 Tyrrell
1100 2452 1114 2479 .·
1153 2439 1249 2491 quis
1269 2438 1343 2478 ulli
1366 2437 1498 2477 MSS.

516 2495 532 2518 ²
560 2499 605 2534 et
623 2494 691 2533 hic
711 2495 879 2546 copiam
899 2493 1004 2532 mihi
1023 2497 1067 2532 et
1088 2493 1262 2544 Madvig]
1281 2506 1296 2539 ,·
1330 2495 1374 2531 et
1394 2490 1474 2531 hoc
1494 2489 1600 2530 mihi
1619 2494 1661 2529 et
1683 2487 1814 2530 MSS.

432 2585 523 2632 254
