2014 3008
104 930 201 978 Ser.
226 931 378 978 Brun-

103 999 193 1045 disi
218 998 347 1046 VIII
359 997 432 1044 Id.

111 1065 254 1113 Mart.
276 1083 319 1113 a.
342 1066 435 1116 707

740 225 1023 274 MARCUS
1067 227 1368 275 TULLIUS
1414 228 1666 277 CICERO

456 369 624 399 rerum
661 369 720 399 eo
755 356 955 418 gravior
991 362 1069 402 est
1104 355 1262 412 dolor,
1298 373 1398 419 quo
1433 356 1580 421 culpa
1613 361 1784 406 maior.
1855 359 1945 408 Ille

457 433 508 475 in
555 429 748 476 Achaia
795 447 896 477 non
942 439 1107 478 cessat
1154 432 1218 479 de
1266 434 1408 479 nobis
1457 433 1740 482 detrahere.
1811 435 1943 483 Nihil

457 505 691 552 videlicet
715 514 836 553 tuae
861 507 1064 555 litterae
1090 508 1428 573 profecerunt.
1499 510 1636 558 Vale.

519 597 610 628 vm
636 583 755 630 Idus
782 583 936 632 Mart.

1087 739 1188 785 XII

941 851 1115 882 CICERO
1149 852 1323 883 ATTICO
1358 853 1455 884 SAL.

522 930 763 994 Cephalio
795 931 916 978 mihi
950 950 980 979 a
1011 940 1066 979 te
1098 933 1293 980 litteras
1326 934 1547 982 reddidit
1580 952 1623 981 a.
1659 934 1707 982 d.
1741 952 1833 982 vm
1869 935 1942 983 Id.

460 1008 615 1055 Mart.
637 1025 861 1072 vespere.
931 1009 1006 1055 Eo
1027 1017 1201 1056 autem
1221 1010 1302 1057 die
1322 1027 1471 1058 mane
1492 1011 1780 1059 tabellarios
1799 1016 1945 1059 mise-

459 1100 593 1140 ram3
647 1087 828 1149 quibus
865 1086 930 1133 ad
965 1093 1019 1133 te
1056 1086 1298 1134 dederam
1331 1087 1543 1135 litteras.
1614 1088 1732 1135 Tuis
1769 1096 1944 1136 tamen

457 1162 601 1209 lectis
634 1161 819 1210 litteris
854 1166 1029 1227 putavi
1064 1166 1165 1210 iam
1201 1164 1390 1227 aliquid
1423 1165 1799 1212 rescribendum
1836 1182 1945 1213 esse

459 1256 519 1286 ea
564 1255 619 1287 re
665 1242 903 1297 maxime,
951 1240 1087 1304 quod
1132 1241 1356 1288 ostendis
1402 1248 1456 1288 te
1502 1241 1725 1306 pendere
1774 1245 1944 1299 animi,

458 1333 731 1380 quamnam
750 1320 1000 1365 rationem
1020 1320 1113 1364 sim
1134 1317 1336 1365 Caesari
1357 1318 1598 1366 allaturus
1618 1318 1943 1383 profectionis

457 1410 602 1440 meae
639 1401 768 1450 tum,
806 1411 921 1441 cum
959 1411 1023 1441 ex
1063 1394 1210 1441 Italia
1248 1395 1576 1442 discesserim.
1646 1395 1782 1443 Nihil
1819 1413 1944 1460 opus

458 1477 537 1517 est
568 1470 689 1516 mihi
721 1487 851 1518 nova
881 1474 1091 1518 ratione.
1159 1470 1321 1535 Saepe
1356 1475 1490 1519 enim
1523 1472 1589 1519 ad
1621 1488 1739 1519 eum
1771 1476 1941 1537 scripsi

457 1547 729 1611 multisque
755 1548 1006 1605 mandavi,
1031 1565 1114 1595 me
1141 1565 1241 1596 non
1266 1552 1507 1613 potuisse,
1533 1566 1649 1596 cum
1674 1552 1942 1613 cupissem,

458 1641 712 1671 sermones
741 1624 1000 1672 hominum
1028 1628 1293 1682 sustinere,
1322 1626 1585 1690 multaque
1612 1629 1664 1672 in
1694 1643 1807 1673 eam
1835 1643 1946 1674 sen-

458 1705 689 1748 tentiam.
756 1701 892 1748 Nihil
924 1705 1059 1749 enim
1091 1709 1218 1758 erat,
1251 1703 1386 1766 quod
1417 1706 1581 1750 minus
1614 1720 1731 1750 eum
1763 1703 1946 1750 vellem

459 1781 766 1835 existimare,
800 1796 953 1842 quam
985 1795 1067 1826 me
1100 1787 1248 1826 tanta
1280 1780 1343 1826 de
1375 1796 1430 1827 re
1463 1797 1563 1826 non
1595 1796 1709 1828 meo
1741 1780 1945 1827 consilio

459 1872 604 1902 usum
643 1872 766 1902 esse.
837 1854 1139 1919 Posteaque,
1175 1874 1291 1903 cum
1326 1856 1447 1903 mihi
1485 1857 1686 1903 litterae
1724 1874 1754 1903 a
1789 1855 1946 1904 Balbo

460 1933 690 1979 Cornelio
746 1935 938 1979 minore
994 1936 1175 1980 missae
1233 1940 1402 1980 essent
1458 1933 1597 1980 illum
1653 1936 1943 1981 existimare

460 2009 707 2068 Quintum
731 2009 940 2056 fratrem
967 2009 993 2026 ‘⁶
1017 2010 1199 2057 lituum
1223 2009 1251 2025 ’'
1277 2027 1421 2057 meae
1446 2009 1769 2074 profectionis
1794 2010 1945 2058 fuisse

461 2088 553 2149 (ita
586 2089 719 2133 enim
753 2087 988 2150 scripsit),
1015 2090 1099 2150 qui
1133 2087 1354 2134 nondum
1388 2103 1699 2151 cognossem,
1726 2104 1857 2151 quae
1883 2087 1946 2134 de

460 2180 541 2210 me
563 2163 782 2222 Quintus
804 2166 1083 2227 scripsisset
1104 2164 1169 2211 ad
1189 2164 1392 2220 multos,
1414 2167 1508 2211 etsi
1529 2163 1691 2211 multa
1710 2180 1946 2228 praesens

462 2244 511 2286 in
538 2248 862 2304 praesentem
889 2242 1071 2288 acerbe
1099 2241 1299 2288 dixerat
1327 2249 1380 2288 et
1407 2241 1616 2298 fecerat,
1644 2248 1819 2288 tamen
1846 2241 1946 2288 nilo

459 2320 623 2364 minus
647 2316 723 2364 his
747 2318 911 2365 verbis
937 2317 1002 2364 ad
1026 2317 1294 2365 Caesarem
1319 2321 1516 2381 scripsi:

525 2393 551 2409 ‘⁸
578 2394 658 2440 De
682 2393 873 2453 Quinto
895 2393 1051 2441 fratre
1073 2411 1187 2442 meo
1209 2411 1310 2442 non
1330 2398 1494 2441 minus
1517 2394 1686 2442 laboro
1709 2411 1859 2458 quam
1882 2394 1945 2442 de

460 2488 541 2517 me
567 2475 691 2534 ipso,
716 2471 806 2518 sed
829 2488 946 2518 eum
968 2472 1063 2518 tibi
1086 2472 1439 2518 commendare
1463 2470 1556 2518 hoc
1579 2487 1694 2518 meo
1717 2478 1946 2535 tempore

466 2564 565 2594 non
603 2547 779 2595 audeo.
854 2547 984 2595 Illud
1020 2548 1289 2596 dumtaxat
1325 2555 1498 2595 tamen
1536 2547 1733 2595 audebo
1768 2555 1945 2611 petere

457 2637 547 2695 386
