2014 3008
130 1695 229 1743 Ser.
252 1694 405 1743 Brun-

129 1762 221 1809 disi
254 1762 327 1810 VI
349 1761 410 1809 K.

130 1829 253 1893 Sept.
279 1845 324 1876 a.
350 1831 444 1880 707

766 250 1048 297 MARCUS
1093 250 1394 297 TULLIUS
1441 249 1692 297 CICERO

482 378 584 426 Sed
604 386 656 425 et
676 378 773 424 alia
792 378 1020 424 timenda
1038 385 1155 424 sunt
1175 378 1239 423 ab
1257 376 1364 424 aliis
1384 376 1707 440 Quintisque‚
1727 384 1781 424 et
1798 378 1863 424 ab
1879 376 1974 425 hoc

482 469 590 528 ipso
616 481 745 527 quae
771 464 957 510 dantur
974 470 1032 510 ut
1051 480 1080 510 a
1099 464 1318 519 domino,
1335 480 1503 510 rursus
1528 465 1580 509 in
1606 463 1832 510 eiusdem
1858 471 1976 511 sunt

482 558 756 614 potestate.
823 550 994 597 Etiam
1017 549 1251 596 Sallustio
1274 552 1482 613 ignovit.
1550 549 1770 597 Omnino
1793 550 1977 597 dicitur

483 640 670 684 nemini
695 651 911 700 negare3
936 636 1071 700 quod
1094 639 1257 699 ipsum
1281 643 1359 682 est
1382 643 1692 699 suspectum,
1716 639 1976 683 notionem

484 727 590 770 eius
610 722 813 770 differri.
873 722 947 768 M.
970 722 1161 769 Gallius
1187 722 1250 781 Q.
1271 721 1305 769 f.
1327 725 1580 785 mancipia
1606 721 1840 769 Sallustio
1865 722 1976 770 red-

483 810 627 857 didit.
698 809 746 856 Is
780 812 937 864 venit,
973 816 1030 856 ut
1065 809 1287 873 legiones
1323 812 1375 855 in
1409 807 1628 855 Siciliam
1663 808 1974 857 traduceret.

484 897 559 943 Eo
578 899 806 960 protinus
826 899 1015 942 iturum
1035 895 1304 942 Caesarem
1326 894 1503 942 Patris.
1573 894 1724 954 Quod
1741 898 1783 942 is
1803 894 1975 951 faciet,

485 995 596 1047 ego,
644 982 778 1046 quod
823 989 943 1029 ante
989 982 1208 1038 mallem,
1255 981 1422 1045 aliquo
1468 985 1671 1045 propius
1718 981 1974 1028 accedam.

483 1070 615 1116 Tuas
652 1069 846 1116 litteras
875 1069 940 1115 ad
969 1085 1070 1124 eas,
1100 1070 1279 1132 quibus
1310 1086 1338 1114 a
1368 1076 1421 1115 te
1450 1071 1678 1131 proxime
1707 1067 1972 1115 consilium

484 1159 658 1220 petivi,
687 1154 1015 1202 vehementer
1043 1162 1299 1218 exspecto.
1372 1154 1508 1201 Vale.

548 1258 629 1288 xvi
659 1241 769 1288 Kal.
795 1241 1135 1305 Septembres.

1167 1505 1289 1551 XXI

970 1618 1143 1649 menno
1178 1617 1351 1648 Arnco
1386 1616 1483 1648 SAL.

549 1699 736 1762 Accepi
772 1715 822 1745 VI
861 1699 972 1745 Kal.
1009 1698 1148 1762 Sept.
1186 1698 1381 1744 litteras
1416 1715 1446 1744 a
1480 1705 1533 1745 te
1569 1697 1714 1745 datas
1751 1713 1821 1745 xn
1860 1697 1972 1745 Kal.

486 1786 828 1849 doloremque,
848 1801 1000 1848 quem
1019 1801 1081 1831 ex
1101 1784 1276 1843 Quinti
1297 1784 1484 1831 scelere
1503 1787 1603 1830 iam
1620 1784 1816 1847 pridem
1836 1801 1976 1831 acce-

485 1879 630 1935 ptum
654 1875 754 1918 iam
778 1873 1079 1927 abieceram‚
1104 1871 1236 1918 lecta
1259 1874 1365 1917 eius
1390 1870 1606 1934 epistula
1628 1873 1978 1934 gravissimum

485 1962 610 2022 cepi.
678 1958 755 2005 Tu
780 1961 874 2005 etsi
901 1974 1000 2004 non
1026 1960 1233 2021 potuisti
1261 1956 1360 2003 ullo
1387 1957 1535 2003 modo
1559 1955 1745 2012 facere,
1772 1963 1828 2003 ut
1854 1956 1974 2002 mihi

487 2045 622 2091 illam
644 2045 911 2108 epistulam
933 2061 1033 2091 non
1053 2047 1303 2099 mitteres,
1324 2051 1499 2090 tamen
1519 2042 1723 2090 mallem
1743 2059 1844 2090 non
1867 2058 1976 2090 esse

485 2134 701 2178 missam.

548 2218 630 2265 Ad
656 2234 717 2265 ea
742 2225 932 2274 autem,
959 2234 1089 2281 quae
1115 2218 1288 2263 scribis
1314 2216 1377 2264 de
1405 2223 1734 2272 testamento,
1762 2214 1971 2271 videbis,

484 2305 605 2368 quid
640 2311 694 2351 et
728 2321 827 2367 quo
862 2304 1024 2351 modo.
1096 2304 1175 2350 De
1212 2306 1426 2349 nummis
1463 2310 1516 2349 et
1549 2301 1635 2348 illa
1667 2305 1737 2349 sic
1772 2305 1974 2365 scripsit

483 2398 541 2437 ut
566 2407 661 2455 ego
686 2390 751 2437 ad
774 2398 826 2436 te
853 2398 1021 2445 antea,
1047 2397 1100 2437 et
1126 2406 1230 2444 nos,
1256 2393 1293 2435 si
1322 2388 1443 2452 quid
1467 2405 1591 2452 opus
1618 2390 1733 2443 erit,
1763 2395 1969 2435 utemur

485 2493 547 2524 ex
574 2494 651 2533 eo,
675 2477 738 2523 de
765 2494 863 2540 quo
887 2477 1074 2523 scribis.

551 2563 639 2610 Ille
660 2563 723 2610 ad
747 2563 857 2610 Kal.
879 2561 1019 2626 Sept.
1043 2561 1257 2609 Athenis
1277 2578 1376 2609 non
1398 2561 1596 2608 videtur
1615 2560 1735 2626 fore.
1807 2556 1975 2608 Multa

484 2666 572 2708 412
