1988 3008
718 261 1002 310 MARCUS
1046 258 1347 308 TULLIUS
1393 257 1644 306 CICERO

435 410 564 450 mus,
600 410 630 439 a
663 391 853 447 multis,
889 392 974 453 qui
1010 406 1038 436 e
1074 387 1276 435 Samnio
1311 386 1599 450 Apuliaque
1634 386 1923 443 veniebant,

434 461 679 508 admoniti
720 474 908 513 sumuS,
950 463 1008 503 ut
1048 470 1359 510 caveremUS,
1399 469 1464 500 ne
1506 456 1854 516 exciperemur
1894 470 1925 500 a

435 528 669 582 Caesare,
692 524 828 589 quod
849 527 890 570 is
912 526 964 569 in
987 522 1168 568 eadem
1189 521 1316 577 loca,
1339 536 1470 583 quae
1493 536 1582 567 nos
1604 520 1923 583 petebamus,

433 593 690 657 profectus
711 591 922 638 celerius
945 592 1119 644 etiam,
1141 604 1294 651 quam
1314 603 1405 634 nos
1425 602 1702 650 possemus,
1724 602 1802 643 eo,
1823 603 1923 650 quo

432 659 741 714 intenderet,
764 664 1005 704 venturus
1030 662 1180 702 esset.
1248 653 1399 712 Quod
1420 669 1536 700 cum
1556 655 1631 700 ita
1654 659 1807 709 esset,
1829 669 1923 700 nec

432 726 554 773 mihi
586 741 680 772 nec
712 724 856 771 fratri
888 739 1003 769 meo
1034 738 1130 768 nec
1161 723 1397 783 cuiquam
1429 722 1704 767 amicorum
1734 719 1924 783 placuit

431 795 770 847 committere,
792 797 850 837 ut
870 792 1135 836 temeritas
1155 794 1330 835 nostra
1349 803 1450 833 non
1472 786 1632 833 solum
1652 786 1812 843 nobis,
1833 786 1923 833 sed

432 862 589 906 etiam
636 861 709 904 rei
757 857 989 920 publicae
1038 861 1264 910 noceret,
1311 870 1427 900 cum
1475 855 1774 916 praesertim
1822 869 1922 899 non

432 927 798 980 dubitaremus,
825 926 963 986 quin,
989 925 1029 968 si
1056 925 1213 968 etiam
1237 927 1409 967 tutum
1435 920 1577 966 nobis
1602 922 1701 966 iter
1725 918 1921 976 fuisset,

431 1000 485 1040 te
509 999 685 1039 tamen
708 994 810 1037 iam
833 991 1071 1052 consequi
1096 1004 1197 1034 non
1219 1003 1494 1050 possemus.

497 1059 709 1106 Interim
735 1060 1018 1119 accepimus
1043 1062 1159 1102 tuas
1184 1054 1382 1101 litteras
1409 1052 1625 1099 Canusio
1650 1069 1694 1099 a.
1722 1052 1771 1100 d.
1798 1068 1830 1099 x
1858 1051 1920 1100 K.

434 1125 650 1172 Martias
676 1124 839 1180 datas,
866 1124 1046 1186 quibus
1072 1137 1162 1168 nos
1187 1120 1423 1176 hortaris,
1448 1127 1507 1166 ut
1531 1119 1742 1166 celerius
1766 1119 1923 1167 Brun·

433 1193 616 1239 disium
631 1194 906 1238 veniamus.
975 1189 1114 1247 Quas
1130 1205 1246 1235 cum
1263 1189 1630 1250 accepissemus
1647 1202 1691 1233 a.
1710 1186 1758 1234 d.
1778 1201 1838 1232 111
1858 1186 1920 1233 K.

435 1258 668 1314 Martias,
698 1274 798 1304 non
829 1257 1204 1311 dubitabamus,
1235 1256 1356 1317 quin
1385 1260 1444 1300 tu
1472 1257 1574 1300 iam
1602 1252 1923 1300 Brundisium

434 1328 762 1389 pervenisses,
796 1324 1040 1385 nobisque
1074 1325 1173 1368 iter
1204 1321 1328 1367 illud
1360 1323 1563 1367 omnino
1594 1319 1923 1367 interclusum

433 1393 727 1439 videbamus
759 1407 926 1453 neque
960 1392 1124 1435 minus
1157 1404 1248 1435 nos
1282 1403 1392 1434 esse
1425 1393 1618 1450 captos,
1651 1403 1804 1450 quam
1837 1389 1922 1450 qui

434 1459 618 1506 Corfini
639 1457 868 1504 fuissent.
938 1456 1117 1518 Neque
1140 1457 1275 1502 enim
1297 1470 1381 1501 eos
1403 1453 1531 1500 solos
1553 1454 1923 1500 arbitrabamur

433 1528 563 1588 capi,
599 1527 685 1588 qui
720 1527 772 1570 in
809 1530 1117 1570 armatorum
1152 1537 1331 1568 manus
1366 1520 1676 1576 incidissent,
1711 1519 1802 1567 sed
1837 1536 1922 1567 eos

431 1591 585 1639 nihilo
619 1594 801 1646 minus,
837 1594 921 1653 qui
956 1589 1247 1653 regionibus
1283 1587 1471 1634 exclusi
1505 1590 1640 1634 intra
1673 1587 1924 1650 praesidia

432 1666 587 1721 atque
611 1661 745 1704 intra
768 1673 907 1703 arma
931 1656 1094 1702 aliena
1118 1658 1389 1702 venissent.

497 1725 648 1783 Quod
674 1741 789 1771 cum
814 1727 888 1770 ita
915 1726 997 1778 sit,
1024 1725 1244 1768 maxime
1271 1720 1453 1768 vellem
1479 1722 1697 1784 primum
1724 1736 1923 1784 semper

432 1798 605 1838 tecum
625 1790 831 1837 fuissem
848 1805 859 1844 ;
899 1789 1035 1852 quod
1055 1789 1261 1852 quidem
1281 1789 1375 1834 tibi
1396 1787 1737 1843 ostenderam,
1757 1804 1873 1834 cum
1893 1803 1923 1834 a

434 1874 515 1904 me
537 1857 763 1921 Capuam
782 1857 1069 1903 reiciebam.
1138 1854 1289 1913 Quod
1308 1853 1406 1900 feci
1426 1870 1527 1900 non
1546 1853 1738 1901 vitandi
1759 1856 1921 1900 oneris

433 1941 601 1980 causa,
637 1923 728 1970 sed
769 1923 903 1986 quod
945 1922 1179 1969 videbam
1219 1923 1384 1968 teneri
1418 1920 1555 1967 illam
1596 1921 1774 1967 urbem
1815 1923 1921 1967 sine

432 1994 660 2037 exercitu
697 2006 797 2036 non
834 2006 997 2053 posse,
1035 1988 1263 2035 accidere
1301 1994 1475 2034 autem
1511 1986 1632 2033 mihi
1669 1987 1920 2042 nolebam,

432 2057 568 2120 quod
622 2056 768 2103 doleo
823 2059 938 2103 viris
993 2055 1274 2101 fortissimis
1329 2054 1583 2100 accidisse.
1670 2053 1921 2112 Quoniam

432 2130 623 2179 autem,
662 2130 835 2169 tecum
874 2129 932 2169 ut
973 2138 1153 2178 essem,
1193 2137 1294 2168 non
1333 2123 1565 2184 contigit,
1606 2123 1801 2166 utinam
1841 2122 1918 2166 tui

431 2189 622 2236 consilii
635 2192 818 2236 certior
832 2188 996 2235 factus
1013 2188 1201 2235 essem!
1270 2187 1401 2234 Nam
1417 2189 1695 2250 suspicione
1713 2186 1921 2249 adsequi

433 2272 532 2302 non
548 2258 709 2318 potui,
725 2255 860 2318 quod
876 2257 1043 2301 omnia
1057 2258 1194 2318 prius
1211 2255 1484 2301 arbitratus
1501 2269 1611 2299 sum
1626 2252 1751 2308 fore,
1767 2269 1920 2315 quam

431 2330 488 2368 ut
516 2321 642 2368 haec
667 2325 740 2368 rei
767 2321 1000 2384 publicae
1029 2337 1180 2368 causa
1206 2324 1259 2367 in
1288 2319 1437 2367 Italia
1464 2336 1564 2366 non
1591 2326 1763 2383 posset
1790 2319 1918 2366 duce

430 2395 485 2434 te
513 2390 802 2434 consistere.
872 2387 1051 2450 Neque
1078 2404 1196 2434 vero
1223 2403 1356 2434 nunc
1382 2386 1642 2432 consilium
1669 2393 1816 2432 tuum
1842 2402 1920 2432 re-

431 2454 707 2517 prehendo,
745 2454 835 2501 sed
871 2453 1126 2501 fortunam
1164 2457 1234 2501 rei
1273 2453 1505 2518 publicae
1544 2453 1693 2517 lugeo
1730 2468 1840 2509 nec,
1877 2455 1918 2499 si

436 2680 517 2719 142
