1988 3008
736 213 1020 262 MARCUS
1063 214 1364 263 TULLIUS
1409 215 1661 264 CICERO

454 360 616 400 casus,
645 360 767 406 quos
797 346 1024 400 vitasset,
1051 346 1092 390 si
1123 359 1239 390 eum
1268 343 1389 390 nihil
1417 343 1696 393 fefellisset.
1763 345 1874 393 Etsi
1901 347 1944 394 is

456 445 586 493 erat,
619 445 676 484 ut
723 440 794 484 ait
842 437 995 494 idem,
1028 441 1113 501 qui
1159 440 1213 487 τὸ
1259 440 1444 500 ἄμεινον
1484 440 1559 487 καὶ
1597 441 1651 488 τὸ
1696 441 1851 505 χεῖρον
1897 444 1944 488 ἐν

455 536 519 596 τῷ
564 534 734 594 ἀφανεῖ
777 533 842 580 ἔτι
889 533 1005 595 ἑώρα
1049 533 1276 594 μάλιστα,
1311 539 1487 579 tamen
1528 549 1628 580 non
1669 532 1812 589 vidit,
1849 549 1943 581 nec

457 643 556 689 quo
585 625 735 672 modo
766 625 1281 673 Lacedaemoniorum
1310 643 1404 673 nec
1434 643 1533 690 quo
1562 626 1711 674 modo
1739 644 1944 674 suorum

454 723 636 767 civium
671 720 909 767 invidiam
946 719 1195 784 effugeret
1219 737 1312 767 nec
1349 720 1470 784 quid
1504 720 1781 768 Artaxerxi
1804 720 1943 784 polli-

453 822 671 862 ceretur.
738 813 851 861 Non
885 813 1064 861 fuisset
1098 814 1180 860 illa
1215 831 1315 861 nox
1338 821 1446 861 tam
1480 815 1664 862 acerba
1687 814 1943 871 Africano,

454 911 822 972 sapientissimo
857 911 979 964 viro,
1013 925 1112 955 non
1145 916 1253 955 tam
1286 908 1422 955 dirus
1457 908 1539 956 ille
1572 908 1678 956 dies
1713 907 1941 957 Sullanus

453 1003 770 1051 callidissimo
798 1006 921 1058 viro,
950 1002 1004 1049 C.
1038 1002 1222 1059 Mario,
1248 1006 1289 1049 si
1318 1001 1439 1048 nihil
1467 1010 1740 1067 utrumque
1770 1020 1942 1050 eorum

455 1097 733 1145 fefellisset.
803 1095 902 1143 Nos
925 1103 1100 1143 tamen
1121 1095 1215 1143 hoc
1237 1096 1587 1143 confirmamus
1610 1096 1692 1144 illo
1716 1101 1944 1161 augurio,

456 1209 556 1255 quo
582 1191 816 1246 diximus,
843 1206 936 1237 nec
962 1207 1050 1237 nos
1079 1189 1224 1246 fallit,
1253 1207 1345 1237 nec
1373 1190 1521 1238 aliter
1547 1191 1757 1238 accidet.
1826 1191 1944 1239 Cor-

454 1293 569 1332 ruat
594 1288 690 1332 iste
715 1300 921 1331 necesse
947 1291 1025 1331 est
1051 1291 1139 1331 aut
1164 1300 1256 1347 per
1273 1284 1581 1331 adversarios
1607 1291 1696 1332 aut
1720 1288 1827 1348 ipse
1852 1302 1945 1349 per

455 1397 528 1436 se,
547 1381 632 1442 qui
651 1378 855 1442 quidem
872 1378 967 1425 sibi
986 1385 1064 1425 est
1083 1378 1394 1425 adversarius
1414 1395 1541 1425 unus
1560 1381 1846 1427 acerrimus.
1883 1379 1944 1427 Id

455 1489 604 1537 spero
625 1475 745 1519 vivis
767 1472 909 1518 nobis
931 1471 1068 1527 fore3
1112 1488 1419 1535 quamquam
1440 1479 1642 1536 tempus
1665 1480 1744 1520 est
1765 1490 1854 1521 nos
1877 1473 1942 1521 de

453 1567 537 1614 illa
568 1573 817 1630 perpetua
847 1569 965 1621 iam,
997 1582 1095 1612 non
1128 1565 1192 1613 de
1223 1564 1316 1612 hac
1349 1569 1533 1630 exigua
1564 1569 1668 1614 vita
1697 1571 1938 1632 cogitare.

455 1661 542 1708 Sin
569 1659 691 1724 quid
717 1659 956 1706 acciderit
983 1663 1247 1716 maturius,
1273 1658 1410 1707 haud
1436 1676 1557 1707 sane
1583 1677 1699 1708 mea
1725 1661 1942 1709 multum
1987 1675 1988 1701 1

454 1753 763 1809 interfuerit,
798 1760 970 1800 utrum
1006 1752 1198 1800 factum
1234 1753 1432 1800 videam
1469 1770 1533 1800 an
1569 1753 1796 1801 futurum
1833 1772 1942 1804 esse

455 1848 615 1895 multo
656 1854 777 1894 ante
817 1846 1043 1894 viderim.
1113 1846 1257 1905 Quae
1297 1864 1412 1894 cum
1451 1850 1524 1894 ita
1563 1851 1682 1904 sint,
1723 1866 1822 1896 non
1863 1857 1942 1898 est

454 1941 894 1997 committendum,
909 1948 966 1987 ut
980 1943 1038 1986 iis
1054 1957 1278 2003 paream,
1294 1958 1416 2004 quos
1432 1948 1607 1988 contra
1622 1959 1704 1990 me
1719 1951 1942 2001 senatus,

456 2053 519 2083 ne
545 2035 666 2099 quid
687 2051 766 2081 res
790 2034 990 2097 publica
1013 2034 1309 2082 detrimenti
1331 2038 1603 2098 acciperet,
1626 2040 1853 2084 armavit.

519 2129 630 2175 Tibi
657 2135 774 2175 sunt
802 2131 969 2174 omnia
994 2128 1366 2184 commendata,
1394 2145 1524 2191 quae
1549 2131 1940 2179 commendatio-

457 2226 531 2269 nis
564 2238 708 2268 meae
740 2238 831 2284 pro
863 2229 952 2268 tuo
984 2224 1034 2267 in
1067 2238 1153 2268 nos
1188 2238 1357 2268 amore
1390 2239 1489 2269 non
1521 2223 1766 2287 indigent.
1836 2224 1941 2272 Nec
1974 2279 1975 2282 Ἰ

455 2315 660 2363 hercule
677 2331 771 2379 ego
782 2315 986 2378 quidem
1000 2316 1344 2379 reperio‚quid
1358 2316 1574 2362 scribam
1590 2331 1602 2372 ;
1637 2317 1790 2364 sedeo
1807 2322 1940 2365 enim

456 2410 736 2457 πλουδοκῶν.
806 2408 914 2455 Etsi
947 2407 1067 2454 nihil
1100 2425 1340 2472 umquam
1368 2417 1475 2456 tam
1500 2408 1596 2456 fuit
1620 2411 1939 2458 scribendum

458 2519 611 2565 quam
637 2501 756 2548 nihil
783 2501 904 2548 mihi
931 2519 1170 2566 umquam
1198 2519 1259 2550 ex
1286 2503 1509 2566 plurimis
1535 2507 1634 2551 tuis
1660 2505 1939 2551 iucundita-

456 2616 546 2675 306
