1988 3008
711 145 995 194 MARCUS
1039 147 1341 195 TULLIUS
1387 148 1639 196 CICERO

428 277 615 338 partim
653 277 817 338 parari
857 277 958 321 iam
999 282 1053 322 et
1091 278 1320 339 cogitari,
1359 279 1546 339 partim
1585 293 1647 323 ex
1687 284 1918 340 tempore

429 351 601 397 futura
633 351 843 397 censes?
910 351 1021 415 Ego
1054 369 1172 399 vero
1205 351 1415 409 Solonis,
1448 353 1701 419 popularis
1735 357 1827 409 tui,
1861 361 1918 401 ut

427 435 571 491 puto,
598 431 752 474 etiam
778 431 895 483 mei,
921 428 1090 492 legem
1114 429 1402 493 neglegam,
1429 433 1512 492 qui
1539 433 1706 493 capite
1733 433 1916 486 sanxit,
1961 456 1963 458 ·

427 508 467 551 si
499 507 583 567 qui
614 507 665 550 in
696 505 944 551 seditione
976 522 1076 551 non
1107 505 1312 552 alterius
1343 509 1504 552 utrius
1534 510 1692 569 partis
1722 505 1917 562 fuisset,

428 589 498 637 et,
536 584 629 627 nisi
666 584 705 627 si
742 588 800 628 tu
838 581 985 628 aliter
1021 598 1214 638 censes,
1253 589 1307 629 et
1343 581 1457 628 hinc
1496 584 1648 630 abero
1686 590 1740 630 et
1775 583 1914 630 illim.

426 657 528 705 Sed
553 658 769 705 alterum
794 657 915 704 mihi
944 665 1022 705 est
1047 662 1251 715 certius,
1277 675 1370 705 nec
1396 663 1699 723 praeripiam
1724 666 1913 706 tamen.

426 735 750 798 Exspectabo
776 742 923 782 tuum
949 735 1212 782 consilium
1239 742 1293 782 et
1321 752 1405 783 eas
1431 736 1646 793 litteras,
1673 739 1767 783 nisi
1795 736 1915 784 alias

424 814 526 858 iam
549 812 752 868 dedisti,
776 828 900 875 quas
924 815 1097 875 scripsi
1121 820 1178 859 ut
1202 811 1493 876 Cephalioni
1518 813 1679 860 dares.

490 889 641 952 Quod
682 889 872 945 scribis,
916 906 1016 935 non
1060 906 1160 952 quo
1204 889 1406 937 aliunde
1450 890 1685 946 audieriS,
1729 890 1818 938 sed
1860 897 1914 938 te

424 969 590 1029 ipsum
622 973 805 1029 putare
840 982 923 1012 me
958 973 1238 1013 attractum
1271 970 1349 1023 iri,
1383 970 1423 1013 si
1458 967 1521 1013 de
1556 983 1681 1030 pace
1717 975 1914 1031 agatur,

423 1042 545 1089 mihi
572 1046 775 1089 omnino
801 1059 902 1089 non
927 1045 1067 1089 venit
1092 1046 1144 1089 in
1169 1050 1415 1100 mentem,
1442 1060 1572 1107 quae
1598 1047 1756 1107 possit
1782 1048 1915 1091 actio

425 1136 534 1167 esse
579 1120 643 1166 de
687 1136 830 1182 pace,
874 1136 990 1166 cum
1033 1119 1102 1165 illi
1147 1123 1483 1167 certissimum
1528 1124 1610 1176 sit,
1655 1124 1693 1168 si
1738 1125 1912 1184 possit,

424 1196 703 1260 exspoliare
723 1200 950 1243 exercitu
969 1204 1022 1243 et
1039 1200 1293 1260 provincia
1311 1195 1608 1261 Pompeium
1624 1213 1636 1253 ;
1670 1201 1763 1244 nisi
1781 1197 1912 1246 forte

423 1277 519 1320 iste
536 1276 846 1320 nummarius
865 1277 910 1320 ei
927 1281 1099 1336 potest
1115 1274 1440 1337 persuadere,
1457 1282 1533 1331 ut,
1550 1274 1671 1321 dum
1688 1283 1911 1322 oratores

424 1357 562 1406 eant,
596 1350 828 1406 redeant,
863 1353 1106 1413 quiescat.
1176 1350 1311 1397 Nihil
1345 1351 1508 1407 video,
1544 1352 1679 1415 quod
1713 1369 1911 1415 sperem

423 1434 513 1474 aut
535 1427 671 1490 quod
692 1430 793 1473 iam
815 1435 995 1490 putem
1018 1427 1125 1474 fieri
1147 1444 1308 1491 posse.
1378 1427 1479 1475 Sed
1500 1436 1675 1475 tamen
1696 1428 1910 1476 hominis

421 1503 515 1551 hoc
533 1507 698 1567 ipsum
716 1505 858 1567 probi
880 1511 958 1551 est
985 1511 1038 1551 et
1062 1522 1304 1568 magnum
1327 1527 1371 1554 τι
1386 1505 1405 1534 1
1429 1510 1518 1554 τῶν
1539 1508 1910 1560 πολιτικωτάτων

420 1583 717 1644 σκεμμάτων,
743 1581 1115 1628 veniendumne
1146 1585 1211 1628 sit
1246 1585 1297 1627 in
1331 1582 1591 1628 consilium
1625 1585 1845 1646 tyranni,
1871 1586 1910 1629 si

421 1660 461 1704 is
482 1657 650 1720 aliqua
670 1657 733 1704 de
753 1674 807 1704 re
827 1658 961 1704 bona
981 1657 1350 1705 deliberaturus
1370 1661 1450 1705 sit.
1519 1658 1707 1717 Quare,
1727 1662 1765 1705 si
1788 1660 1912 1722 quid

422 1737 528 1781 eius
567 1734 703 1781 modi
744 1737 990 1791 evenerit,
1028 1741 1087 1782 ut
1126 1751 1436 1782 arcessamur
1476 1736 1634 1798 (quod
1673 1736 1909 1799 equidem

420 1828 521 1857 non
539 1811 728 1858 credo.2
795 1811 932 1869 Quid
951 1814 1086 1858 enim
1106 1828 1269 1858 essem
1289 1812 1352 1859 de
1372 1828 1496 1875 pace
1516 1812 1759 1868 dicturus,
1778 1813 1880 1859 dixi
1897 1828 1910 1868 ;

420 1890 527 1950 ipse
558 1887 703 1934 valde
733 1888 1056 1951 repudiavit),
1087 1889 1177 1935 sed
1206 1895 1398 1945 tamen,
1428 1892 1468 1935 si
1500 1889 1621 1952 quid
1650 1889 1908 1946 acciderit,

420 1964 542 2026 quid
567 1980 773 2011 censeas
799 1963 921 2010 mihi
947 1964 1253 2021 faciendum,
1280 1969 1457 2028 utique
1483 1966 1702 2012 scribito.
1773 1965 1907 2012 Nihil

420 2043 555 2086 enim
577 2040 699 2086 mihi
723 2040 886 2087 adhuc
909 2041 1109 2098 accidit,
1133 2042 1267 2104 quod
1289 2045 1489 2088 maioris
1511 2041 1700 2089 consilii
1724 2050 1873 2089 esset.

482 2116 707 2174 Trebati,
738 2118 856 2164 boni
888 2120 978 2164 viri
1010 2125 1064 2164 et
1094 2121 1230 2174 civis,
1261 2119 1425 2165 verbis
1455 2125 1509 2165 te
1540 2119 1740 2182 gaudeo
1771 2118 1906 2166 dele-

419 2199 633 2250 ctatum,
684 2200 876 2257 tuaque
926 2197 1024 2241 ista
1072 2195 1247 2242 crebra
1300 2198 1558 2258 ε’κφώνησις
1607 2197 1771 2258 ὑπέρευ
1823 2213 1905 2242 me

420 2269 524 2316 sola
572 2268 735 2316 adhuc
784 2270 1072 2318 delectavit.
1142 2271 1364 2318 Litteras
1412 2278 1527 2318 tuas
1575 2269 1905 2319 vehementer

621 2409 637 2434 ¹
665 2413 711 2448 et
726 2422 931 2461 magnum
943 2428 984 2452 τι
1007 2411 1242 2461 Wesenberq
1260 2425 1276 2458 ,·
1306 2423 1511 2463 magnum
1527 2411 1584 2451 sit
1600 2411 1732 2452 MSS.

619 2463 635 2486 ²
664 2463 789 2502 credo
809 2463 943 2504 Boot:
978 2477 1079 2503 curo
1099 2464 1230 2504 MSS.

418 2551 504 2597 274
