1988 3008
730 232 1012 281 MARCUS
1057 216 1357 279 TULLIUS
1403 227 1654 277 CICERO

455 372 587 413 esset
641 364 886 418 ordinum,
940 361 1102 408 nullus
1157 367 1361 423 apertus
1415 361 1724 422 privatorum
1777 357 1931 415 dolor,

451 462 695 507 bonorum
720 465 892 505 autem
918 463 1052 503 esset
1077 455 1271 518 aliquis,
1296 453 1386 501 sed
1410 453 1583 509 hebes,
1608 459 1666 500 ut
1691 451 1836 510 solet,
1860 458 1931 509 et,

453 562 510 601 ut
539 557 645 617 ipse
666 555 947 606 sensissem,
966 549 1239 597 multitudo
1270 555 1323 596 et
1352 548 1551 594 infimus
1581 550 1792 611 quisque
1822 562 1932 610 pro-

451 664 634 711 pensus
669 649 721 693 in
757 646 968 693 alteram
1003 650 1220 708 partem,
1254 642 1402 689 multi
1437 643 1731 689 mutationis
1765 657 1931 688 rerum

452 741 634 805 cupidi,
662 741 766 788 dixi
792 742 886 804 ipsi
912 732 1142 786 menihil
1171 744 1520 801 suscepturum
1549 739 1654 783 sine
1682 727 1932 799 praesidio

453 843 506 883 et
523 839 636 882 -sine
655 838 890 898 pecunia.
961 833 1143 896 Itaque
1168 831 1322 879 habui
1349 831 1471 878 nihil
1497 834 1698 878 omnino
1724 832 1935 894 negotii,

452 930 586 994 quod
612 931 675 977 ab
699 932 843 976 initio
868 928 967 975 vidi
993 927 1115 974 nihil
1141 929 1315 990 quaeri
1339 933 1542 990 praeter
1566 906 1755 990 fugam.
1805 924 1933 972 Eam

451 1029 491 1072 si
522 1041 653 1071 nunc
685 1040 882 1087 sequor,
915 1022 1168 1086 quonam?
1236 1021 1363 1068 Cum
1394 1020 1476 1067 illo
1508 1035 1636 1076 non3
1686 1019 1751 1067 ad
1780 1036 1933 1084 quem

451 1136 565 1166 cum
601 1134 763 1165 essem
797 1117 1070 1181 profectus,
1093 1118 1302 1180 cognovi
1325 1118 1376 1161 in
1398 1118 1457 1162 iis
1479 1114 1598 1162 locis
1621 1131 1730 1162 esse
1754 1113 1934 1162 Caesa-

452 1230 575 1269 rem,
609 1219 667 1259 ut
699 1219 813 1259 tuto
847 1211 1112 1259 Luceriam
1144 1213 1315 1257 venire
1349 1227 1449 1256 non
1481 1226 1695 1274 possem.
1765 1207 1933 1256 Infero

451 1310 577 1354 mari
601 1308 743 1354 nobis
768 1310 961 1353 incerto
986 1322 1132 1352 cursu
1157 1304 1324 1351 hieme
1350 1307 1571 1351 maxima
1591 1303 1933 1368 'navigandum

453 1409 546 1448 est.
613 1402 726 1465 Age
756 1403 874 1458 iam,
903 1417 1017 1447 cum
1047 1399 1203 1446 fratre
1234 1415 1299 1446 an
1328 1402 1434 1446 sine
1465 1415 1528 1449 eo
1554 1415 1668 1446 cum
1698 1397 1832 1446 filio?
1880 1405 1934 1465 at

453 1513 552 1559 quo
587 1495 771 1542 modo?
840 1495 899 1541 In
933 1502 1149 1558 utraque
1186 1497 1319 1540 enim
1353 1510 1408 1540 re
1443 1510 1638 1540 summa
1672 1493 1934 1540 difficultas

453 1593 566 1646 erit,
595 1606 816 1637 summus
847 1592 996 1636 animi
1027 1589 1195 1644 dolor3
1244 1591 1327 1652 qui
1358 1594 1531 1635 autem
1558 1590 1778 1651 impetus
1805 1587 1933 1640 illius

454 1688 550 1731 erit
568 1687 617 1730 in
635 1701 724 1730 nos
744 1684 966 1731 absentis
985 1683 1312 1746 fortunasque
1332 1682 1554 1729 nostras!
1590 1682 1764 1729 Acrior
1782 1699 1933 1746 quam

452 1781 503 1824 in
532 1785 831 1834 ceterorum,
862 1778 997 1841 quod
1026 1778 1227 1841 putabit
1257 1777 1468 1823 fortasse
1498 1779 1550 1823 in
1578 1777 1720 1823 nobis
1750 1776 1934 1824 violan-⁴

453 1873 527 1919 dis
559 1871 745 1935 aliquid
775 1889 828 1919 se
858 1871 1046 1918 habere
1077 1871 1332 1935 populare.
1394 1872 1506 1934 Age
1536 1874 1655 1928 iam,
1684 1870 1774 1918 has
1803 1862 1934 1923 com,-

454 1966 626 2029 pedes,
651 1965 814 2022 fascis,
837 1969 1062 2030 inquam,
1086 1965 1177 2012 hos
1203 1965 1453 2012 laureatos
1479 1965 1670 2012 ecferre
1697 1981 1760 2012 ex
1788 1965 1935 2012 Italia

455 2077 605 2123 quam
623 2059 891 2106 molestum
911 2061 1015 2107 est!
1051 2063 1133 2124 qui
1156 2067 1328 2107 autem
1346 2059 1481 2107 locus
1501 2062 1597 2106 erit
1614 2060 1756 2107 nobis
1774 2066 1934 2116 tutus,

454 2161 511 2200 ut
537 2156 636 2200 iam
661 2153 871 2217 placatis
898 2161 1100 2202 utamur
1126 2153 1377 2211 fluctibus,
1405 2160 1678 2217 antequam
1706 2153 1771 2200 ad
1796 2153 1934 2200 illum

455 2247 770 2293 venerimus?
837 2247 951 2306 Qua
977 2255 1150 2295 autem
1177 2255 1265 2295 aut
1291 2265 1408 2312 quo,
1434 2246 1555 2294 nihil
1580 2250 1776 2295 scimus.
1846 2222 1988 2305 At‚‘

456 2344 491 2386 si
523 2344 773 2398 restitero,
805 2349 858 2388 et
886 2341 1040 2389 fuerit
1068 2344 1211 2390 nobis
1239 2345 1290 2389 in
1319 2342 1413 2389 hac
1441 2349 1587 2406 parte
1618 2341 1769 2399 locus,
1799 2342 1934 2390 idem

455 2433 620 2480 fecero
639 2434 774 2497 quod
790 2437 841 2481 in
859 2434 1048 2483 Cinnae
1068 2435 1409 2483 dominatione
1430 2436 1485 2482 L.
1508 2434 1781 2500 Philippus,
1801 2436 1932 2500 quod

457 2526 511 2572 L.
537 2526 757 2584 Flaccus,
777 2529 912 2592 quod
931 2528 992 2588 Q.
1017 2529 1234 2587 Mucius,
1254 2547 1454 2594 quoquo
1474 2530 1623 2578 modo
1643 2547 1703 2578 ea
1722 2547 1800 2578 res
1819 2529 1935 2577 huic

458 2660 542 2691 110
