1988 3008
701 256 984 304 MARCUS
1028 255 1330 304 TULLIUS
1379 253 1632 304 CICERO

423 393 593 433 utrum
642 387 914 432 consistere
964 387 1160 447 uspiam
1209 383 1331 431 velit
1379 401 1444 431 an
1491 401 1631 431 mare
1679 387 1910 441 transire,

422 468 658 512 nescitur.
727 463 778 510 Si
818 471 1011 519 manet,
1051 479 1244 520 vereor,
1284 480 1349 511 ne
1391 467 1672 511 exercitum
1713 464 1911 511 firmum

422 544 610 591 habere
630 561 731 591 non
749 547 935 607 possit3
972 546 1048 590 sin
1066 543 1298 600 discedit,
1318 560 1418 607 quo
1437 551 1527 591 aut
1546 560 1663 607 qua,
1683 550 1772 591 aut
1791 543 1913 608 quid

423 625 565 671 nobis
615 624 871 688 agendum
920 614 1002 680 sit,
1051 625 1236 670 nescio.
1306 623 1437 670 Nam
1486 626 1640 671 istum
1689 623 1912 687 quidem,

421 707 560 751 cuius
591 705 897 766 φαλαρισμὸν
927 706 1096 760 times,
1126 706 1295 750 omnia
1329 706 1625 751 taeterrime
1660 703 1912 751 facturum

421 791 561 847 puto.
631 784 738 830 Nec
776 800 892 830 eum
927 800 1097 830 rerum
1132 783 1347 847 prolatio
1383 800 1477 830 nec
1513 790 1719 831 senatus
1753 786 1913 848 magi-

421 871 775 927 stratuumque
792 864 1038 911 discessus
1053 880 1149 910 nec
1165 866 1414 911 aerarium
1430 862 1654 910 clausum
1670 864 1910 911 tardabit.

420 943 521 990 Sed
548 943 692 1000 haec,
721 951 779 991 ut
807 945 998 1000 scribis,
1026 946 1127 990 cito
1156 946 1385 990 sciemus.

486 1024 698 1071 Interim
721 1023 871 1070 velim
895 1022 1017 1070 mihi
1041 1026 1269 1088 ignoscas
1294 1023 1430 1087 quod
1454 1023 1519 1071 ad
1542 1030 1596 1071 te
1620 1024 1782 1072 scribo
1805 1031 1914 1072 tam

419 1104 583 1151 multa
607 1107 812 1151 totiens.
881 1104 1163 1168 Acquiesco
1191 1106 1344 1160 enim,
1372 1110 1426 1151 et
1452 1110 1567 1151 tuas
1593 1103 1704 1152 volo
1731 1103 1914 1152 elicere

420 1184 636 1240 litteras,
653 1186 977 1247 maximeque
996 1183 1275 1240 consilium,
1295 1183 1416 1247 quid
1436 1201 1584 1248 agam
1604 1191 1694 1231 aut
1712 1201 1812 1248 quo
1830 1201 1914 1232 me

419 1271 572 1328 pacto
601 1281 792 1328 geram.
862 1264 1215 1311 Demittamne
1246 1281 1329 1311 me
1359 1266 1563 1327 penitus
1593 1266 1645 1310 in
1674 1264 1913 1311 causam?

420 1344 534 1391 Non
557 1344 817 1392 deterreor
837 1343 1078 1407 periculo,
1102 1344 1191 1391 sed
1213 1344 1470 1407 dirumpor
1492 1343 1677 1391 dolore.
1720 1344 1913 1392 Tamne

421 1424 556 1471 nullo
585 1424 789 1471 consilio
819 1431 908 1471 aut
935 1431 1044 1471 tam
1072 1431 1249 1471 contra
1276 1440 1448 1471 meum
1476 1423 1738 1471 consilium
1765 1431 1913 1488 gesta

422 1521 531 1551 esse
566 1504 760 1550 omnia!
829 1504 911 1550 An
945 1511 1154 1551 cuncter
1189 1511 1243 1551 et
1277 1507 1598 1568 tergiverser,
1634 1511 1689 1551 et
1724 1507 1795 1551 eis
1830 1521 1913 1552 me

421 1584 557 1640 dem,
604 1587 689 1647 qui
736 1591 935 1640 tenent,
984 1587 1068 1648 qui
1124 1584 1423 1647 potiuntur?
1489 1584 1713 1645 Αῖδέομαι
1757 1589 1915 1647 Τρῶας

421 1681 514 1711 nec
540 1663 700 1711 solum
724 1666 860 1719 civis,
887 1664 977 1711 sed
1003 1666 1160 1711 etiam
1187 1667 1334 1711 amici
1359 1663 1519 1711 officio
1543 1679 1775 1719 revocor3
1819 1667 1914 1713 etsi

421 1743 625 1808 frangor
653 1760 805 1807 saepe
833 1744 1174 1790 misericordia
1201 1760 1487 1807 puerorum.
1557 1743 1632 1791 Ut
1659 1747 1816 1809 igitur
1841 1746 1916 1791 ita
1987 1772 1988 1780 κ

418 1824 736 1887 perturbato,
769 1826 864 1870 etsi
895 1830 949 1870 te
982 1823 1163 1870 eadem
1194 1823 1484 1880 sollicitant,
1515 1824 1677 1871 scribe
1709 1823 1913 1888 aliquid,

423 1911 477 1951 et
521 1906 760 1960 maxime,
805 1906 845 1950 si
892 1902 1161 1966 Pompeius
1209 1903 1359 1950 Italia
1402 1903 1558 1961 cedit,
1604 1904 1727 1968 quid
1771 1905 1913 1952 nobis

424 1983 680 2048 agendum
709 1990 873 2047 putes.
945 1982 1037 2030 M'.
1070 1983 1276 2047 quidem
1307 1983 1530 2047 Lepidus
1560 1984 1700 2047 (nam
1728 1983 1913 2031 fuimus

425 2064 545 2126 una)
573 2081 690 2111 eum
716 2063 868 2110 finem
894 2066 1094 2120 statuit,
1121 2063 1178 2110 L.
1205 2063 1490 2127 Torquatus
1517 2063 1752 2111 eundem.
1823 2063 1914 2112 Me

423 2160 539 2191 cum
561 2143 723 2190 multa
746 2151 857 2190 tum
882 2146 1039 2190 etiam
1061 2142 1263 2191 lictores
1286 2143 1588 2207 impediunt.
1656 2143 1792 2190 Nihil
1816 2143 1915 2191 vidi

424 2240 683 2287 umquam,
712 2223 847 2287 quod
874 2226 1039 2270 minus
1068 2223 1309 2287 explicari
1335 2229 1522 2287 posset.
1593 2222 1776 2287 Itaque
1805 2240 1836 2271 a
1861 2231 1915 2271 te

424 2303 669 2350 nihildum
694 2306 820 2350 certi
847 2306 1074 2366 exquiro,
1100 2303 1191 2350 sed
1215 2303 1338 2367 quid
1361 2303 1608 2350 videatur.
1677 2303 1914 2368 Denique

424 2386 585 2447 ipsam
607 2387 803 2446 ἀπορίαν
826 2390 970 2430 tuam
992 2386 1139 2446 cupio
1157 2399 1474 2447 cognoscere.
1544 2382 1827 2431 Labienum
1851 2385 1915 2430 ab

424 2462 508 2509 illo
535 2463 818 2510 discessisse
845 2479 1001 2526 prope
1027 2463 1235 2510 modum
1260 2469 1476 2510 constat.
1544 2461 1594 2509 Si
1621 2465 1695 2510 ita
1722 2462 1915 2511 factum

424 2549 576 2599 esset,
599 2549 657 2590 ut
679 2541 762 2589 ille
785 2542 998 2589 Romam
1020 2545 1227 2590 veniens
1249 2546 1577 2607 magistratus
1601 2549 1655 2591 et
1676 2549 1910 2591 senatum

425 2657 483 2714 58
