1988 3008
50 636 148 684 Ser.
183 635 231 683 in
265 636 310 682 F
308 653 379 682 or-

50 704 202 751 miano
223 702 310 748 III

51 770 175 817 Non.
199 769 332 816 Febr.

52 855 95 884 a.
121 838 228 888 705.

686 252 971 300 MARCUS
1015 253 1107 300 TU
1115 253 1318 300 LLIUS
1363 253 1612 301 CICERO

1085 443 1209 489 XIX

948 555 1122 585 CICERO
1156 555 1344 586 ATTICO.

468 635 603 682 Nihil
634 635 817 692 habeo,
851 636 986 699 quod
1020 636 1085 682 ad
1117 643 1170 682 te
1205 638 1436 692 scribam,
1470 640 1554 700 qui
1590 639 1745 683 etiam
1780 653 1893 683 eam

404 710 691 773 epistulam,
730 726 882 773 quam
921 726 1059 756 eram
1098 709 1437 766 elucubratus,
1475 710 1540 757 ad
1576 718 1630 757 te
1669 727 1770 757 non
1806 710 1894 757 de-

404 785 579 831 derim.
648 784 774 831 Erat
809 787 944 830 enim
978 783 1129 846 plena
1163 787 1270 847 spei
1303 785 1486 840 bonae,
1521 784 1657 847 quod
1692 791 1746 831 et
1779 800 1894 830 con-

403 865 552 908 tionis
593 861 908 908 voluntatem
949 860 1207 907 audieram
1248 867 1301 908 et
1339 860 1480 908 illum
1519 861 1896 908 condicionibus

402 953 607 982 usurum
657 936 919 998 putabam,
973 937 1272 997 praesertim
1322 937 1436 981 suis.
1506 935 1640 981 Ecce
1690 935 1784 981 tibi
1836 950 1895 980 111

401 1009 571 1056 Nonas
612 1008 759 1055 Febr.
803 1025 951 1054 mane
994 1011 1164 1071 accepi
1205 1007 1405 1055 litteras
1446 1015 1578 1064 tuas,
1621 1006 1894 1064 Philotimi,

403 1083 571 1138 Furni,
604 1081 830 1128 Curionis
864 1081 928 1128 ad
961 1081 1219 1137 Furnium,
1252 1082 1432 1144 quibus
1465 1081 1644 1128 irridet
1678 1081 1735 1128 L.
1770 1081 1894 1128 Cae-

401 1160 522 1204 saris
545 1156 869 1220 legationem.
940 1154 1094 1202 Plane
1120 1158 1343 1218 oppressi
1368 1155 1613 1211 videmur,
1638 1172 1749 1211 nec,
1774 1155 1897 1218 quid

400 1230 591 1278 consilii
620 1233 835 1293 capiam,
863 1232 979 1276 scio.
1050 1229 1156 1276 Nec
1184 1228 1473 1276 mehercule
1503 1229 1567 1276 de
1596 1245 1678 1276 me
1707 1229 1896 1285 laboro,

400 1306 464 1353 de
501 1308 668 1368 pueris
706 1304 827 1367 quid
864 1320 1030 1368 agam,
1067 1320 1167 1350 non
1203 1303 1382 1350 habeo.
1454 1303 1681 1366 Capuam
1717 1309 1893 1349 tamen

400 1379 750 1444 proficiscebar
784 1377 910 1424 haec
945 1379 1185 1434 scribens,
1222 1395 1320 1441 quo
1356 1376 1549 1424 facilius
1585 1376 1649 1424 de
1686 1375 1896 1440 Pompei

403 1454 552 1500 rebus
581 1467 954 1516 cognoscerem.

1105 1650 1201 1696 XX

951 1763 1125 1793 CICERO
1160 1762 1333 1793 ATTICO
1340 1783 1348 1793 .

55 1852 152 1901 Ser,
199 1852 386 1917 Capuae
469 1845 912 1908 Breviloquentem
939 1847 1039 1890 iam
1068 1860 1148 1890 me
1176 1851 1378 1906 tempus
1406 1846 1570 1905 ipsum
1598 1841 1734 1889 facit.
1806 1841 1899 1889 Pa-

56 1920 180 1968 Non.
204 1919 336 1966 Febr.

56 2005 100 2034 α.
125 1988 218 2038 705

407 1937 517 1967 cem
555 1923 688 1967 enim
724 1919 1006 1981 desperavi,
1040 1917 1230 1964 bellum
1267 1920 1423 1963 nostri
1461 1916 1653 1963 nullum
1690 1916 1898 1968 admini-

407 2001 586 2042 strant.
655 1993 789 2040 Cave
818 1995 953 2039 enim
979 1999 1129 2055 putes
1157 1994 1427 2054 quicquam
1455 2007 1564 2037 esse
1591 1992 1795 2036 minoris
1822 1989 1897 2035 his

406 2067 719 2115 consulibus:
761 2083 974 2129 quorum
998 2082 1094 2129 ego
1118 2081 1206 2128 spe
1231 2064 1469 2111 audiendi
1494 2063 1683 2126 aliquid
1708 2071 1761 2110 et
1784 2080 1900 2127 cog-

408 2140 646 2188 noscendi
664 2143 822 2187 nostri
842 2146 1115 2203 apparatus
1133 2140 1354 2184 maximo
1371 2138 1519 2184 imbri
1539 2136 1766 2200 Capuam
1784 2140 1898 2183 veni

408 2215 568 2279 pridie
607 2214 794 2270 Nonas,
832 2221 890 2260 ut
927 2229 1065 2260 eram
1101 2215 1277 2259 iussus.
1348 2211 1423 2257 Illi
1462 2218 1635 2257 autem
1672 2210 1896 2257 nondum

408 2297 670 2345 venerant,
685 2288 775 2336 sed
790 2295 936 2335 erant
949 2290 1150 2335 venturi
1162 2291 1355 2342 inanes,
1367 2288 1618 2349 imparati.
1689 2285 1894 2332 Gnaeus

409 2372 582 2410 autem
612 2363 854 2409 Luceriae
884 2361 1150 2408 dicebatur
1178 2376 1287 2407 esse
1318 2367 1371 2406 et
1400 2359 1538 2406 adire
1567 2357 1798 2405 cohortes
1827 2358 1900 2405 le-

408 2442 616 2502 gionum
643 2437 991 2500 Appianarum
1010 2435 1029 2464 1
1056 2451 1157 2481 non
1184 2434 1594 2480 firmissimarum.
1663 2432 1734 2478 At
1761 2431 1904 2478 illum

467 2533 483 2557 ¹
511 2531 809 2582 Appianarum
836 2530 1013 2581 Lipsius
1038 2530 1091 2581 cf.
1123 2531 1185 2569 15.
1215 2530 1268 2569 3:
1313 2529 1520 2568 itinarum
1553 2527 1605 2566 M
1610 2527 1654 2566 1;
1698 2527 1904 2566 itinerum

410 2586 462 2626 Μ
468 2586 484 2610 ²
503 2616 511 2625 .
551 2584 828 2624 Attianarum
848 2583 957 2625 older
976 2582 1140 2624 editors.

409 2655 467 2699 82
