1988 3008
678 210 961 259 MARCUS
1005 209 1306 258 TULLIUS
1352 210 1605 258 CICERO

395 358 459 388 ne
481 347 696 388 vexetur
717 339 928 402 Epirus;
967 337 1058 385 sed
1079 354 1232 401 quem
1251 345 1310 384 tu
1330 338 1496 385 locum
1518 337 1764 384 Graeciae
1784 353 1884 384 non

394 421 652 483 direptum
675 422 736 464 iri
762 418 946 481 putas?
1013 417 1280 464 Praedicat
1316 421 1452 465 enim
1486 417 1654 480 palam
1680 424 1734 464 et
1758 417 1885 463 mili-

395 501 529 546 tibus
570 498 794 546 ostendit
832 515 886 544 se
927 498 1195 562 largitione
1233 500 1342 560 ipsa
1379 500 1695 560 superiorem
1733 513 1885 561 quam

396 579 527 626 hunc
556 579 680 625 fore.
751 578 881 624 Illud
910 594 992 624 me
1022 577 1284 640 praeclare
1314 577 1573 634 admones,
1601 594 1718 624 cum
1746 577 1886 624 illum

396 659 585 715 videro,
623 675 687 705 ne
725 661 871 704 nimis
910 657 1253 722 indulgenter,
1292 664 1347 705 et
1383 664 1442 705 ut
1478 674 1596 705 cum
1631 660 1885 722 gravitate

396 743 562 802 potius
585 738 774 801 loquar.
845 737 998 784 Plane
1019 741 1090 784 sic
1111 736 1414 784 faciendum.
1483 736 1751 801 Arpinum,
1770 753 1886 784 cum

398 836 514 866 eum
561 834 860 873 convenero,
899 821 1085 881 cogito,
1123 833 1189 864 ne
1236 816 1372 865 forte
1419 824 1508 865 aut
1555 817 1734 874 absim,
1771 833 1886 864 cum

398 903 586 955 veniet,
607 905 695 945 aut
715 914 915 944 cursem
934 897 1032 944 huc
1050 897 1167 944 illuc
1186 901 1266 945 via
1286 897 1582 945 deterrima.
1634 897 1885 956 Bibulum,

399 986 455 1025 ut
479 979 673 1034 scribis,
697 977 846 1024 audio
870 981 1066 1024 venisse
1091 984 1145 1024 et
1166 977 1359 1024 redisse
1380 977 1547 1041 pridie
1571 976 1704 1024 Idus.

464 1057 805 1113 Philotimum,
831 1064 889 1104 ut
916 1061 987 1104 ais
1013 1061 1066 1103 in
1093 1057 1311 1120 epistula
1334 1060 1511 1114 tertia,
1537 1057 1884 1121 exspectabas,

397 1140 467 1186 At
487 1139 569 1185 ille
591 1138 763 1185 Idibus
785 1154 814 1183 a
834 1154 917 1184 me
936 1137 1197 1200 profectus
1220 1144 1314 1185 est.
1383 1138 1458 1185 Eo
1478 1141 1639 1186 serius
1660 1138 1726 1186 ad
1743 1145 1887 1185 tuam

397 1219 533 1265 illam
563 1217 850 1280 epistulam,
878 1221 958 1264 cui
990 1234 1083 1280 ego
1112 1221 1291 1264 statim
1318 1220 1696 1281 rescripseram,
1723 1217 1887 1265 reddi-

397 1306 484 1345 tae
512 1305 630 1345 sunt
658 1314 804 1344 meae
832 1298 1055 1344 litterae.
1126 1298 1206 1344 De
1237 1298 1481 1354 Domitio,
1509 1305 1568 1345 ut
1595 1298 1788 1354 scribis,
1815 1301 1888 1345 ita

399 1382 575 1441 opinor
611 1394 739 1434 esse,
774 1384 831 1424 ut
868 1384 922 1424 et
957 1380 1008 1422 in
1045 1376 1239 1424 Cosano
1273 1381 1358 1434 sit,
1395 1385 1449 1424 et
1483 1377 1746 1424 consilium
1781 1381 1886 1425 eius

399 1462 675 1521 ignoretur.
746 1457 850 1503 Iste
865 1460 1089 1503 omnium
1101 1460 1420 1520 turpissimus
1437 1464 1490 1504 et
1503 1457 1888 1515 sordidissimus,

401 1541 485 1601 qui
505 1537 786 1584 consularia
805 1540 1011 1584 comitia
1030 1553 1060 1583 a
1078 1544 1319 1600 praetore
1339 1540 1411 1584 ait
1429 1536 1608 1584 haberi
1626 1554 1791 1600 posse,
1810 1545 1888 1585 est

401 1618 554 1673 idem,
576 1621 661 1680 qui
681 1633 883 1679 semper
903 1620 954 1662 in
973 1633 1029 1663 re
1050 1617 1251 1679 publica
1271 1617 1382 1664 fuit.
1451 1617 1633 1680 Itaque
1653 1621 1888 1665 nimirum

401 1697 494 1744 hoc
517 1697 638 1743 illud
660 1704 756 1753 est,
779 1697 913 1760 quod
935 1696 1122 1744 Caesar
1142 1697 1320 1744 scribit
1340 1700 1392 1743 in
1414 1713 1476 1744 ea
1497 1697 1730 1761 epistula,
1750 1702 1887 1745 cuius

403 1777 692 1840 exemplum
707 1777 771 1823 ad
784 1784 839 1823 te
853 1780 985 1834 misi,
998 1793 1053 1823 se
1067 1777 1196 1824 velle
1210 1780 1286 1824 uti
1302 1777 1330 1793 “
1353 1777 1559 1825 consilio
1581 1776 1612 1793 ’'
1626 1794 1740 1825 meo
1755 1778 1888 1842 (age,

403 1865 541 1912 esto3
583 1856 675 1903 hoc
703 1873 969 1903 commune
999 1857 1117 1920 est),
1141 1856 1169 1874 “
1192 1860 1360 1921 gratia
1383 1856 1412 1873 ’²
1437 1858 1688 1921 (ineptum
1709 1858 1761 1905 id
1784 1862 1890 1922 qui-

402 1937 537 1993 dem,
566 1937 673 1993 sed,
702 1944 844 1999 put0,
873 1936 967 1983 hoc
996 1937 1201 1984 simulat
1231 1937 1296 1984 ad
1325 1937 1569 2001 quasdam
1597 1946 1888 1985 senatorum

402 2018 719 2079 sententias),
737 2016 764 2033 “
788 2017 1041 2080 dignitate
1066 2016 1095 2032 '’
1112 2016 1349 2080 (fortasse
1365 2021 1652 2065 sententiae
1667 2019 1889 2065 consula-

401 2099 504 2159 ris).
575 2096 705 2143 Illud
722 2103 1011 2143 extremum
1028 2104 1135 2143 est:
1170 2097 1197 2113 “
1222 2113 1317 2160 ope
1335 2100 1559 2144 omnium
1571 2096 1798 2145 rerum.”
1830 2098 1889 2145 Id

406 2194 500 2240 ego
523 2180 762 2239 suspicari
785 2180 927 2240 coepi
948 2184 1060 2223 tum
1084 2193 1147 2223 ex
1168 2181 1268 2224 tuis
1292 2177 1477 2224 litteris
1501 2184 1590 2224 aut
1611 2176 1706 2224 hoc
1726 2181 1888 2241 ipsum

406 2273 516 2303 esse
533 2263 621 2302 aut
637 2272 738 2303 non
753 2256 912 2303 multo
928 2273 1087 2304 secus.
1125 2256 1256 2302 Nam
1270 2260 1536 2321 permagni
1553 2259 1659 2304 eius
1674 2260 1889 2305 interest

403 2352 512 2382 rem
546 2335 609 2382 ad
641 2338 992 2399 interregnum
1024 2352 1124 2382 non
1157 2339 1345 2383 venire.
1415 2336 1474 2382 Id
1506 2336 1818 2400 adsequitur,
1849 2342 1887 2384 si

404 2431 495 2478 per
510 2422 802 2478 praetorem
816 2415 1042 2463 consules
1058 2424 1312 2463 creantur.
1381 2415 1481 2463 Nos
1499 2423 1673 2464 autem
1687 2420 1739 2462 in
1753 2417 1889 2464 libris

407 2621 495 2652 220
