1988 3008
690 202 973 250 MARCUS
1017 202 1318 251 TULLIUS
1363 203 1616 252 CICERO

409 330 674 378 adhibebo.
746 330 958 377 Utinam
975 331 1216 394 proficere
1236 332 1447 395 possim!
1514 332 1591 379 Tu
1609 340 1784 381 tamen
1803 349 1888 381 eas
1944 334 1962 347 ²

410 397 667 461 epistulas,
686 399 866 461 quibus
885 401 1107 461 asperius
1126 398 1190 445 de
1209 415 1270 445 eo
1287 401 1476 462 scripsi,
1495 398 1763 462 aliquando
1781 417 1895 447 con-
1941 423 1943 427 ¹

409 467 619 527 cerpito,
637 481 700 511 ne
719 464 921 527 quando
939 465 1061 528 quid
1078 472 1283 512 emanet
1299 480 1311 521 ;
1347 481 1443 529 ego
1459 469 1585 513 item
1602 473 1731 513 tuas.
1780 465 1892 513 Scr-

409 534 545 577 vium
563 538 821 594 exspecto,
839 548 932 579 nec
950 533 1014 579 ab
1033 548 1093 579 eo
1111 535 1381 596 quicquam
1404 534 1539 597 ὑγιές.
1590 532 1743 590 Scies,
1761 536 1897 597 quic-
1956 572 1968 575 r.

410 597 531 661 quid
555 601 666 645 erit.

1086 801 1222 848 XIIa

896 914 1070 944 CICERO
1105 914 1278 945 ATTICO
1312 914 1409 946 SAL.

57 1005 153 1053 Sor,
177 1006 223 1053 i„
474 994 590 1042 Sine
619 995 771 1042 dubio
799 1011 990 1042 errasse
1017 1012 1106 1042 nos
1133 996 1476 1042 confitendum
1506 1003 1598 1043 est.
1667 995 1695 1013 “
1721 996 1792 1044 At
1819 1013 1892 1044 se·
1964 991 1965 994 ¹

61 1073 265 1121 Cumano
410 1063 527 1119 mel,
567 1070 621 1109 at
660 1079 760 1109 una
797 1065 848 1108 in
887 1061 992 1109 re.''
1062 1063 1223 1109 Immo
1263 1066 1430 1110 omnia
1468 1080 1568 1126 quo
1606 1063 1897 1127 diligentius

52 1140 174 1204 prid.
203 1140 324 1186 Non,
410 1132 637 1194 cogitata
658 1145 719 1176 eo
741 1128 878 1175 facta
899 1136 1018 1176 sunt
1038 1129 1422 1193 imprudentius.
1960 1128 1963 1129 ⁷

58 1207 182 1254 Mai.
207 1224 249 1253 a.
275 1208 368 1257 705

508 1225 661 1275 Ἀλλὰ
683 1229 741 1275 τὰ
763 1229 848 1289 μὲν
870 1228 1182 1291 προτετύχθαι
1207 1229 1406 1288 ἐάσομεν
1430 1229 1681 1290 ἀχνύμενοί
1700 1250 1800 1289 περ,

411 1327 463 1371 in
497 1324 699 1387 reliquis
734 1323 884 1370 modo
919 1340 983 1371 ne
1018 1340 1234 1370 ruamus.
1306 1323 1456 1371 Iubes
1491 1324 1554 1371 de
1589 1324 1900 1388 profectione

411 1408 492 1438 me
515 1390 790 1454 providere.
859 1390 995 1449 Quid
1013 1390 1339 1453 provideam?
1408 1391 1490 1438 Ita
1508 1399 1690 1454 patent
1709 1395 1892 1448 omnia,

412 1475 543 1521 quae
570 1457 798 1505 accidere
824 1465 1051 1520 possunt,
1078 1464 1152 1514 ut,
1179 1474 1240 1504 ea
1265 1461 1303 1504 si
1331 1461 1504 1514 vitem,
1530 1458 1810 1506 sedendum
1835 1462 1900 1506 sit

411 1542 526 1572 cum
553 1524 800 1571 dedecore
828 1531 882 1571 et
909 1524 1097 1580 dolore,
1124 1527 1164 1570 si
1190 1524 1478 1588 neglegam,
1505 1525 1784 1587 periculum
1810 1529 1892 1582 sit,
1950 1550 1953 1551 ⁷

411 1609 476 1638 ne
500 1595 552 1638 in
576 1608 754 1638 manus
777 1590 996 1638 incidam
1020 1591 1348 1654 perditorum.
1417 1590 1517 1638 Sed
1542 1591 1673 1646 vide,
1698 1595 1900 1655 quantis

411 1661 463 1705 in
494 1661 704 1705 miseriis
738 1661 905 1704 simus.
976 1658 1273 1722 Optandum
1305 1658 1561 1705 interdum
1594 1659 1809 1715 videtur,
1844 1665 1902 1706 ut

411 1725 631 1788 aliquam
666 1727 968 1788 accipiamus
1005 1726 1068 1772 ab
1103 1728 1211 1771 istis
1247 1727 1472 1788 quamvis
1508 1726 1742 1772 acerbam
1776 1728 1900 1772 iniu-
1962 1776 1966 1779 ,

410 1795 556 1847 riam,
583 1798 640 1838 ut
674 1798 896 1856 tyranno
929 1795 981 1837 in
1013 1791 1129 1838 odio
1164 1790 1319 1838 fuisse
1355 1791 1633 1838 videamur.
1707 1791 1896 1851 Quodsi

411 1860 553 1906 nobis
584 1862 625 1905 is
656 1875 845 1914 cursus,
878 1874 1031 1921 quem
1063 1875 1336 1921 speraram,
1368 1866 1588 1922 pateret,
1622 1857 1898 1906 effecissem

412 1924 600 1988 aliquid
642 1924 888 1988 profect0‚
931 1932 990 1972 ut
1031 1931 1089 1972 tu
1132 1932 1278 1988 optas
1322 1932 1376 1972 et
1418 1924 1649 1981 hortaris,
1692 1925 1901 1990 dignum
1969 1925 1975 1948 ³

412 1999 584 2039 nostra
615 2009 769 2039 mora.
839 1991 940 2039 Sed
971 1991 1210 2038 mirificae
1244 1999 1363 2039 sunt
1393 1992 1671 2048 custodiae,
1705 1999 1759 2039 et
1791 1995 1898 2055 qui-
1967 2013 1982 2036 a

411 2059 529 2106 dem
562 2058 646 2106 ille
681 2062 788 2122 ipse
825 2058 974 2105 Curio
1010 2066 1287 2121 suspectus.
1357 2058 1527 2116 Quare
1562 2061 1607 2105 vi
1645 2065 1734 2105 aut
1768 2058 1898 2105 clam
1972 2087 1977 2090 >

411 2125 666 2189 agendum
711 2133 789 2172 est
835 2132 905 2181 et,
950 2128 987 2171 si
1035 2128 1098 2180 vi,
1144 2124 1344 2172 fortiter
1386 2141 1502 2171 cum
1544 2124 1895 2188 tempestate}
1970 2127 1988 2188 j]

411 2192 553 2239 Clam
596 2198 770 2239 autem
811 2191 953 2238 istis?
1023 2191 1081 2237 In
1116 2208 1214 2254 quo
1248 2194 1286 2238 si
1321 2191 1456 2254 quod
1488 2193 1712 2254 σφάλμα,
1745 2191 1900 2248 vides,
1971 2189 1988 2255 s}

411 2275 563 2322 quam
593 2265 743 2321 turpe
775 2261 854 2305 sit.
923 2257 1202 2314 Trahimur,
1236 2274 1328 2305 nec
1359 2257 1674 2322 fugiendum,
1705 2260 1744 2304 si
1776 2258 1903 2321 quid

411 2325 690 2372 violentius.

468 2431 484 2455 ¹
513 2435 558 2470 et
583 2432 618 2470 si
647 2431 688 2470 vi
715 2430 828 2469 forte
855 2443 908 2470 ne
935 2443 1033 2470 cum
1062 2434 1230 2481 pestate
1264 2430 1311 2468 M
1330 2444 1343 2469 .·
1387 2433 1431 2468 et
1457 2429 1491 2468 si
1520 2430 1563 2469 vi
1590 2428 1703 2469 forte
1729 2434 1774 2469 et
1802 2442 1901 2469 cum

409 2487 672 2535 tempestate
708 2483 823 2529 Ant„
865 2484 912 2523 F.
971 2483 996 2523 Ι
1033 2483 1132 2524 have
1167 2483 1341 2535 adopted
1377 2483 1544 2523 Orelli’s
1578 2482 1748 2534 readinq
1767 2497 1783 2530 ,·
1831 2482 1901 2522 bat

411 2538 443 2577 it
464 2539 504 2578 is
527 2551 617 2589 very
639 2537 870 2578 uncertain.

412 2630 500 2675 330
