1988 3008
707 286 991 334 MARCUS
1034 284 1336 334 TULLIUS
1381 284 1633 333 CICERO

423 410 542 457 mihi
579 409 711 455 hunc
747 408 988 464 dolorem,
1024 414 1113 456 aut
1146 410 1317 454 minue
1352 406 1534 454 saltem
1569 413 1658 454 aut
1691 405 1913 454 consola-

422 499 562 543 tione
599 504 688 542 aut
723 494 944 549 consilio,
981 501 1070 541 aut
1106 510 1423 557 quacumque
1460 509 1513 540 re
1547 500 1709 557 potes.
1779 492 1915 551 Quid

423 589 481 628 tu
523 589 697 628 autem
739 581 930 645 possis?
966 587 1055 627 aut
1097 579 1219 644 quid
1259 579 1409 627 homo
1451 579 1751 643 quisquam?
1819 578 1914 626 Vix

421 671 521 715 iam
548 668 686 715 deus.

487 754 739 818 Equidem
776 754 899 801 illud
935 753 1128 809 molior,
1166 753 1302 817 quod
1337 761 1393 800 tu
1430 769 1605 800 mones
1642 768 1915 816 sperasque

422 841 527 888 fieri
561 858 724 904 posse,
758 848 813 887 ut
843 840 965 887 mihi
997 840 1182 887 Caesar
1211 840 1475 895 concedat,
1506 846 1563 886 ut
1594 840 1771 895 absim,
1801 855 1914 885 cum

421 927 610 991 aliquid
630 931 681 974 in
702 934 883 974 senatu
904 934 1080 974 contra
1101 926 1334 974 Gnaeum
1355 933 1551 990 agatur.
1620 924 1722 972 Sed
1740 927 1915 981 timeo,

420 1031 484 1061 ne
504 1031 605 1061 non
622 1017 910 1078 impetrem.
982 1013 1134 1060 Venit
1154 1014 1217 1060 ab
1238 1029 1298 1060 eo
1318 1012 1545 1060 Furnius.
1617 1011 1690 1059 Ut
1710 1011 1915 1075 quidem

420 1104 564 1157 scias,
598 1117 722 1164 quos
756 1117 1044 1164 sequamur,
1078 1099 1139 1158 Q.
1174 1099 1328 1146 Titini
1363 1098 1520 1146 filium
1552 1115 1667 1146 cum
1700 1097 1915 1145 Caesare

420 1204 530 1234 esse
565 1190 786 1244 nuntiat,
821 1186 912 1234 sed
944 1186 1085 1234 illum
1118 1190 1332 1233 maiores
1366 1185 1486 1232 mihi
1521 1187 1711 1250 gratias
1746 1200 1915 1249 agere,

420 1291 574 1337 quam
599 1273 796 1321 vellem.
866 1273 1002 1332 Quid
1027 1280 1202 1320 autem
1226 1289 1308 1320 me
1333 1279 1480 1337 roget
1505 1274 1676 1336 paucis
1699 1271 1783 1318 ille
1809 1274 1915 1335 qui—

419 1361 537 1407 dem
555 1362 737 1417 verbis,
755 1360 844 1408 sed
871 1365 917 1409 ἐν
943 1361 1144 1423 δυνάμει,
1159 1375 1405 1424 cognosce
1427 1375 1490 1406 ex
1510 1362 1664 1422 ipsius
1683 1357 1913 1422 epistula.

422 1446 512 1493 Me
544 1450 800 1504 miserum,
831 1446 967 1510 quod
995 1453 1054 1493 tu
1083 1463 1184 1493 non
1215 1446 1441 1492 valuisti!
1491 1462 1592 1491 una
1621 1443 1916 1500 fuissemus3

419 1532 681 1580 consilium
739 1540 879 1580 certe
938 1550 1039 1580 non
1098 1532 1375 1588 defuisset3
1441 1534 1530 1581 σύν
1575 1553 1625 1581 τε
1672 1531 1736 1580 δύ’
1785 1536 1916 1597 ἐρχο-

419 1622 618 1683 μένω--.

484 1705 585 1754 Sed
610 1714 726 1753 acta
752 1723 814 1754 ne
842 1723 1069 1771 agamus,
1095 1706 1290 1770 reliqua
1314 1722 1564 1770 paremus.
1636 1704 1727 1751 Me
1753 1703 1916 1752 adhuc

418 1791 545 1840 haec
580 1793 680 1840 duo
715 1793 1024 1848 fefellerunt,
1061 1796 1204 1839 initio
1239 1809 1353 1855 spes
1388 1794 1782 1855 compositionis,
1817 1807 1917 1854 qua

419 1879 557 1926 facta
579 1879 810 1926 volebam
834 1883 908 1926 uti
931 1879 1157 1943 populari
1182 1882 1303 1935 vita,
1327 1878 1662 1925 sollicitudine
1685 1885 1916 1925 senectu-

420 1973 527 2012 tem
576 1974 800 2013 nostram
851 1965 1078 2020 liberari;
1143 1965 1327 2012 deinde
1376 1964 1566 2012 bellum
1612 1963 1816 2011 crudele
1864 1971 1917 2010 et

421 2055 691 2099 exitiosum
715 2055 898 2116 suscipi
922 2069 952 2099 a
976 2050 1217 2115 Pompeio
1241 2051 1618 2115 intellegebam.
1691 2046 1916 2098 Melioris

420 2138 617 2186 medius
650 2138 795 2186 fidius
827 2141 947 2186 civis
980 2145 1034 2185 et
1067 2141 1155 2185 viri
1187 2139 1433 2201 putabam
1467 2140 1640 2201 quovis
1673 2136 1916 2201 supplicio

421 2224 586 2282 adfici,
605 2241 758 2289 quam
776 2224 845 2271 illi
863 2224 1153 2273 crudelitati
1172 2241 1272 2271 non
1291 2224 1451 2271 solum
1469 2239 1721 2288 praeesse,
1741 2239 1915 2270 verum

421 2314 578 2358 etiam
598 2314 860 2359 interesse.
930 2311 1144 2359 Videtur
1164 2310 1242 2358 vel
1262 2313 1389 2357 mori
1410 2313 1567 2357 satius
1588 2309 1740 2357 fuisse
1762 2326 1914 2373 quam

421 2413 531 2444 esse
558 2413 673 2445 cum
700 2396 791 2444 his.
862 2397 945 2444 Ad
970 2396 1097 2445 haec
1124 2400 1279 2462 igitur
1305 2399 1490 2460 cogita,
1519 2399 1586 2443 mi
1614 2397 1808 2452 Attice,
1836 2395 1914 2443 vel

421 2486 589 2547 potius
636 2486 886 2548 excogita.
957 2483 1197 2542 Quemvis
1245 2490 1485 2531 eventum
1531 2482 1709 2530 fortius
1755 2481 1914 2529 feram
1987 2548 1988 2551 Ἰ

421 2586 574 2633 quam
599 2568 733 2617 hunc
760 2569 997 2617 dolorem.
1987 2554 1988 2566 ἵ

427 2679 513 2738 198
