1988 3008
42 611 140 659 Ser.
164 612 212 659 in

46 678 251 726 Cumano

43 746 92 792 X
102 745 203 793 VII
220 745 282 793 K.

41 812 145 860 Iun.
170 830 213 860 a.
239 814 332 864 705

681 218 965 267 MARCUS
1008 219 1309 269 TULLIUS
1355 221 1605 270 CICERO

1064 422 1212 469 XVII

880 535 1054 566 CICERO
1087 535 1262 566 ATTICO
1297 536 1393 568 SAL.

460 613 538 662 Pr.
573 614 692 662 Idus
723 615 1023 663 Hortensius
1054 617 1119 664 ad
1147 633 1230 665 me
1261 621 1400 664 venit
1429 620 1615 682 scripta
1646 619 1880 683 epistula.

397 692 591 739 Vellem
617 700 789 740 cetera
816 694 948 740 eius!
996 711 1149 757 quam
1183 697 1236 740 in
1266 710 1349 742 me
1384 695 1731 743 incredibilem
1759 699 1883 746 ἐκτέ-

394 770 542 819 νειανέ
622 769 737 829 Qua
773 770 978 834 quidem
1019 774 1186 835 cogito
1222 773 1313 818 uti.
1399 771 1600 819 Deinde
1637 771 1883 836 Serapion

395 863 510 893 cum
530 847 746 910 epistula
763 854 868 894 tua.
937 847 1105 906 Quam
1121 850 1414 913 priusquam
1433 852 1758 912 aperuissem,
1778 850 1883 897 dixi

396 927 443 971 ei
460 931 514 971 te
534 924 600 970 ad
616 941 698 971 me
718 924 782 971 de
802 940 862 971 eo
880 927 1132 988 scripsisse
1152 932 1321 982 antea,
1340 932 1398 972 ut
1416 924 1623 973 feceras.
1681 926 1882 975 Deinde

396 1000 612 1064 epistula
655 1000 789 1048 lecta
806 1000 826 1030 ¹
871 1001 1264 1049 cumulatissime
1309 1009 1494 1049 cetera.
1563 1002 1632 1050 Et
1676 1001 1880 1051 hercule

394 1077 649 1125 hominem
678 1079 863 1142 probo3
911 1096 1029 1125 nam
1060 1085 1114 1126 et
1143 1078 1350 1126 doctum
1380 1086 1433 1126 et
1463 1080 1676 1143 probum
1707 1083 1882 1128 existi-

394 1171 505 1210 mo;
563 1158 683 1219 quin
724 1159 880 1203 etiam
919 1159 1032 1203 navi
1073 1158 1180 1204 eius
1218 1172 1301 1203 me
1342 1163 1395 1203 et
1434 1159 1541 1220 ipso
1580 1164 1880 1205 convectore

395 1249 600 1279 usurum
625 1240 765 1297 puto.

459 1309 647 1357 Crebro
664 1309 872 1357 refricat
889 1309 1138 1374 lippitudo
1157 1327 1258 1358 non
1276 1310 1360 1357 illa
1379 1310 1584 1374 quidem
1602 1311 1880 1374 perodiosa,
1950 1370 1951 1373 Ἴ

395 1387 484 1434 sed
500 1394 674 1434 tamen
691 1404 821 1451 quae
837 1387 1083 1451 impediat
1098 1390 1424 1451 scriptionem
1441 1403 1624 1434 meam.
1672 1387 1878 1436 Valetu-

394 1464 563 1511 dinem
586 1472 729 1511 tuam
750 1467 852 1511 iam
874 1464 1220 1512 confirmatam
1245 1481 1353 1512 esse
1378 1471 1431 1512 et
1454 1481 1485 1511 a
1506 1472 1680 1512 vetere
1702 1467 1879 1513 morbo

395 1549 448 1588 et
473 1558 503 1588 a
526 1545 664 1588 novis
689 1543 1110 1605 temptationibus
1134 1541 1348 1606 gaudeo.

457 1618 686 1666 Ocellam
721 1618 902 1666 vellem
937 1618 1267 1674 haberemus3
1321 1618 1555 1666 videntur
1604 1622 1737 1666 enim
1773 1636 1881 1667 esse

393 1694 519 1742 haec
561 1695 710 1759 paulo
754 1694 976 1742 faciliora
1018 1695 1204 1742 futura.
1275 1695 1419 1742 Nunc
1464 1695 1668 1759 quidem
1712 1700 1878 1760 aequi-

394 1776 618 1819 noctium
645 1789 735 1819 nos
762 1779 1003 1829 moratur,
1032 1773 1167 1836 quod
1195 1772 1340 1819 valde
1368 1774 1724 1836 perturbatum
1754 1781 1877 1821 erat.

396 1850 454 1896 Id
479 1853 518 1896 si
543 1850 839 1906 transierit‚²
864 1852 1060 1896 utinam
1084 1849 1220 1896 idem
1245 1856 1451 1896 maneat
1477 1849 1804 1897 Hortensius!
1839 1853 1878 1897 si

393 1927 615 1990 quidem,
641 1934 699 1974 ut
725 1926 887 1974 adhuc
914 1934 1041 1983 erat,
1066 1926 1318 1973 liberalius
1346 1943 1454 1973 esse
1480 1925 1603 1972 nihil
1627 1934 1813 1990 potest.

457 2004 537 2051 De
569 2003 843 2067 diplomate
876 2004 1133 2051 admiraris
1165 2007 1304 2067 quasi
1339 2007 1505 2050 nescio
1535 2007 1675 2051 cuius
1708 2011 1760 2051 te
1792 2003 1877 2051 fla-

392 2084 502 2146 gitii
530 2081 870 2128 insimularim.
940 2080 1108 2145 Negas
1136 2083 1271 2128 enim
1297 2089 1350 2127 te
1377 2083 1616 2144 reperire,
1643 2084 1729 2144 qui
1759 2081 1876 2128 mihi

392 2159 444 2205 id
475 2161 527 2204 in
557 2165 785 2205 mentem
817 2161 1026 2205 venerit.
1095 2158 1205 2222 Ego
1238 2164 1428 2214 autem,
1462 2161 1579 2221 quia
1611 2161 1878 2222 scripseras

391 2242 445 2282 te
470 2235 712 2299 proficisci
737 2238 963 2299 cogitare
990 2235 1206 2297 (etenim
1231 2235 1491 2281 audieram
1516 2237 1703 2281 nemini
1730 2235 1876 2282 aliter

391 2311 580 2375 licere),
598 2329 657 2359 eo
677 2320 730 2359 te
747 2311 939 2359 habere
959 2313 1246 2368 censebam,
1263 2319 1316 2358 et
1333 2314 1451 2375 quia
1468 2314 1637 2375 pueris
1654 2311 1878 2375 diploma

392 2405 688 2453 sumpseraS.
737 2389 909 2436 Habes
925 2406 1127 2436 causam
1144 2391 1388 2452 opinionis
1405 2405 1565 2435 meae.
1621 2388 1688 2435 Et
1704 2395 1878 2435 tamen

451 2496 465 2520 ¹
499 2496 606 2535 lecta
629 2495 858 2535 Manutius
877 2509 891 2535 .·
929 2495 1091 2546 scripta
1114 2494 1245 2535 MSS.

451 2550 466 2572 ²
494 2549 712 2589 transierit
731 2548 885 2589 Ziehen
903 2563 916 2589 .·
951 2561 1044 2588 cras
1062 2549 1144 2588 erit
1164 2548 1295 2589 MSS.
1317 2563 1330 2588 .·
1366 2548 1516 2601 ἀκραὲς
1535 2548 1616 2588 erit
1635 2548 1803 2588 Rosius.

391 2632 481 2688 340
