1988 3008
93 2300 190 2348 Scr.
200 2299 246 2348 in
259 2299 421 2348 Cuma-

92 2384 151 2414 no
186 2367 230 2414 V
255 2368 378 2414 Non.

94 2433 217 2480 Mai.
242 2451 284 2480 a.
311 2435 403 2484 705

725 211 1010 259 MARCUS
1054 211 1356 260 TULLIUS
1401 212 1652 260 CICERO

444 368 713 424 exspecta3
775 377 897 424 quas
938 361 1031 406 tibi
1073 365 1251 408 nuntio
1293 360 1514 408 adventu
1556 361 1784 408 Caesaris
1825 361 1933 410 fore

444 446 654 485 nostras.
723 437 890 495 Quam
914 440 997 484 isti
1022 453 1167 500 spem
1191 435 1415 484 habeant
1441 440 1633 484 amissis
1660 438 1933 501 Hispaniis,

443 518 638 569 nesci03
683 514 818 577 quod
840 530 989 576 porro
1012 521 1159 560 tuum
1180 513 1442 560 consilium
1463 517 1529 561 sit
1551 514 1617 561 ad
1639 514 1932 578 desperatos

443 591 703 647 accedere,
727 607 827 637 non
852 590 1046 637 medius
1074 590 1218 637 fidius
1242 593 1456 653 reperio.

508 668 636 724 Hoc,
662 667 797 731 quod
820 674 878 714 tu
904 683 1005 713 non
1028 666 1242 714 dicendo
1267 666 1389 713 mihi
1412 667 1723 731 significasti,
1748 667 1934 715 Caesar

443 744 694 800 audierat,
717 760 793 800 ac,
816 743 964 790 simul
987 750 1143 807 atque
1168 742 1196 759 ‘⁶
1219 742 1347 790 have
1371 741 1400 758 ”
1424 743 1546 790 mihi
1571 743 1718 800 dixit,
1740 748 1933 801 statim,

445 821 567 884 quid
591 820 656 867 de
679 827 735 867 te
761 820 1003 876 audisset,
1030 823 1278 883 exposuit.
1348 819 1542 884 Negavi
1566 837 1649 867 me
1674 823 1819 877 scire,
1843 820 1934 868 sed

443 904 619 944 tamen
642 897 706 943 ab
731 913 790 944 eo
813 899 988 960 petivi,
1011 903 1068 943 ut
1093 896 1158 943 ad
1178 903 1234 943 te
1256 896 1456 943 litteras
1479 899 1733 954 mitteret,
1757 897 1935 961 quibus

445 977 665 1021 maxime
713 973 778 1020 ad
823 973 1189 1021 remanendum
1235 976 1541 1020 commoveri
1587 990 1774 1037 posses.
1845 962 1936 1022 Me

443 1068 616 1099 secum
652 1053 704 1097 in
740 1050 1039 1113 Hispaniam
1076 1050 1230 1097 ducit.
1300 1049 1448 1106 Nam,
1484 1052 1578 1097 nisi
1614 1053 1688 1097 ita
1723 1049 1935 1109 faceret,

447 1145 559 1192 ego,
603 1131 896 1191 priusquam
940 1127 1006 1174 ad
1050 1127 1229 1173 urbem
1273 1127 1587 1183 accederem,
1631 1127 1935 1191 ubicumque

446 1221 598 1260 esses,
637 1204 703 1252 ad
738 1211 794 1251 te
832 1207 1275 1266 percucurrissem,
1314 1210 1369 1250 et
1406 1202 1500 1250 hoc
1536 1220 1566 1250 a
1603 1210 1658 1251 te
1696 1220 1934 1267 praesens

445 1281 817 1329 contendissem
847 1288 1002 1344 atque
1032 1283 1167 1327 omni
1198 1283 1244 1326 vi
1274 1287 1328 1326 te
1357 1283 1694 1327 retinuissem.
1763 1280 1933 1328 Etiam

446 1366 601 1422 atque
643 1360 816 1413 etiam,
857 1356 1051 1413 Cicero,
1092 1360 1278 1421 cogita,
1319 1373 1383 1404 ne
1423 1364 1478 1404 te
1518 1364 1734 1420 tuosque
1775 1360 1933 1405 omnis

445 1435 671 1482 funditus
690 1441 908 1489 evertas,
925 1450 990 1481 ne
1006 1441 1061 1481 te
1077 1437 1238 1480 sciens
1256 1433 1581 1497 prudensque
1599 1450 1659 1480 eo
1677 1433 1935 1493 demittas,

446 1512 580 1559 unde
603 1514 798 1558 exitum
819 1510 957 1558 vides
980 1510 1172 1557 nullum
1195 1526 1319 1557 esse.
1389 1510 1579 1569 Quodsi
1600 1517 1655 1558 te
1677 1518 1766 1557 aut
1788 1527 1934 1559 voces

445 1590 769 1652 optimatium
790 1594 1126 1643 commovent,
1149 1594 1237 1633 aut
1270 1603 1370 1634 non
1393 1586 1643 1633 nullorum
1675 1586 1934 1635 hominum

445 1664 765 1712 insolentiam
804 1671 858 1711 et
896 1667 1223 1711 iactationem
1262 1662 1398 1710 ferre
1438 1680 1537 1710 non
1575 1671 1740 1726 potes,
1779 1664 1934 1728 eligas

445 1758 627 1789 censeo
659 1740 861 1804 aliquod
893 1740 1134 1804 oppidum
1166 1757 1380 1787 vacuum
1411 1757 1441 1786 a
1471 1740 1623 1796 bello,
1655 1740 1777 1788 dum
1808 1739 1934 1788 haec

446 1819 788 1866 decernuntur
803 1832 815 1872 ;
854 1833 984 1880 quae
1001 1820 1103 1863 iam
1120 1824 1270 1864 erunt
1287 1815 1533 1864 confecta.
1604 1816 1664 1863 Id
1680 1819 1721 1863 si
1738 1815 1936 1873 feceris,

447 1903 500 1943 et
523 1912 618 1959 ego
639 1902 694 1942 te
715 1897 974 1958 sapienter
995 1893 1174 1941 fecisse
1197 1893 1445 1951 iudicabo,
1468 1900 1521 1941 et
1545 1893 1814 1941 Caesarem
1835 1898 1935 1964 nori

446 1971 684 2020 offendes,
1927 1969 1932 1985 ²

1175 2098 1223 2145 X

934 2211 1107 2243 CICERO
1141 2211 1314 2242 ATTICO
1348 2211 1445 2243 SAL.

512 2292 602 2340 Me
628 2309 853 2349 caecum,
881 2297 966 2356 qui
993 2292 1117 2340 haec
1144 2299 1264 2340 ante
1291 2309 1391 2339 non
1418 2291 1655 2339 viderim!
1726 2292 1842 2339 Misi
1871 2288 1934 2356 ad

446 2378 500 2417 te
520 2370 788 2433 epistulam
807 2370 1013 2416 Antoni.
1081 2368 1143 2415 Ei
1160 2386 1276 2416 cum
1294 2385 1390 2433 ego
1407 2372 1698 2432 saepissime
1715 2371 1934 2432 scripsis-

446 2463 554 2494 sem
573 2445 695 2492 nihil
714 2462 797 2493 me
817 2453 993 2493 contra
1013 2445 1239 2493 Caesaris
1259 2449 1478 2493 rationes
1499 2449 1741 2510 cogitare,
1760 2447 1935 2492 memi⁶

447 2526 578 2570 nisse
612 2539 694 2570 me
727 2526 904 2588 generi
938 2526 1056 2580 mei,
1080 2526 1367 2570 meminisse
1402 2525 1670 2579 amicitiae,
1692 2524 1934 2586 potuisse,

447 2612 537 2675 31s
