2014 3008
757 229 1040 277 MARCUS
1084 230 1385 278 TULLIUS
1432 231 1684 280 CICERO

473 358 662 405 bellum
712 374 890 422 gerere
940 358 1141 415 dicitur,
1193 366 1367 406 tamen
1417 367 1535 407 ante
1587 361 1806 408 reditum
1857 365 1963 409 eius

473 449 735 509 negotium
758 445 1047 492 confectum
1070 449 1129 492 iri
1154 453 1292 509 puto.

537 531 688 590 Quod
724 539 896 579 autem
932 534 1104 579 scribis
1143 533 1397 596 quandam
1434 533 1683 581 laetitiam
1719 536 1962 582 bonorum

474 636 583 667 esse
605 626 928 676 commotam,
950 627 1008 666 ut
1029 622 1095 666 sit
1117 620 1347 668 auditum
1369 620 1433 668 de
1454 620 1655 678 litteris,
1677 628 1736 669 tu
1758 622 1963 685 quidem

473 706 595 753 nihil
621 709 1006 770 praetermittis,
1034 710 1085 752 in
1114 724 1212 770 quo
1241 714 1390 771 putes
1419 707 1607 771 aliquid
1634 708 1802 755 solacii
1834 724 1961 766 esse,

474 794 564 841 sed
593 810 688 858 ego
716 810 817 840 non
847 793 1067 841 adducor
1096 810 1404 858 quemquam
1431 795 1621 842 bonum
1653 795 1805 842 ullam
1834 795 1963 843 salu-

473 888 581 928 tem
602 887 783 944 putare
805 879 927 927 mihi
951 884 1084 928 tanti
1107 880 1277 937 fuisse,
1300 889 1358 928 ut
1381 898 1495 928 eam
1516 868 1747 945 peterem
1771 883 1835 930 ab
1857 882 1962 940 illo,

474 976 528 1015 et
558 985 618 1015 eo
645 971 827 1025 minus,
857 968 993 1031 quod
1019 967 1166 1015 huius
1195 968 1383 1015 consilii
1412 971 1513 1015 iam
1542 985 1606 1016 ne
1637 972 1826 1016 socium
1857 972 1963 1033 qui-

473 1056 591 1103 dem
630 1054 794 1101 habeo
835 1071 1156 1119 quemquam.
1224 1055 1323 1114 Qui
1365 1059 1415 1101 in
1455 1056 1577 1102 Asia
1617 1063 1752 1112 sunt,
1794 1073 1961 1103 rerum

474 1145 670 1190 exitum
696 1149 1014 1205 exspectant,
1039 1141 1246 1189 Achaici
1273 1145 1429 1190 etiam
1454 1142 1595 1190 Fufio
1620 1159 1763 1207 spem
1787 1143 1962 1207 depre-

473 1233 683 1276 cationis
716 1228 947 1276 afferunt.
1016 1229 1209 1276 Horum
1243 1236 1297 1276 et
1328 1233 1480 1276 timor
1510 1230 1646 1277 idem
1677 1229 1774 1277 fuit
1803 1233 1963 1294 primo

473 1321 557 1381 qui
581 1333 723 1364 meus
748 1324 801 1363 et
824 1319 1192 1372 constitutum3
1233 1333 1373 1363 mora
1397 1316 1740 1364 Alexandrina
1762 1333 1963 1364 causam

472 1405 669 1451 illorum
695 1407 933 1460 correxit,
958 1420 1127 1450 meam
1154 1407 1354 1451 evertit.
1414 1403 1581 1462 Quam
1607 1405 1671 1451 ob
1697 1420 1805 1451 rem
1829 1404 1963 1452 idem

473 1509 503 1538 a
528 1499 582 1538 te
613 1508 746 1538 nunc
772 1498 894 1555 peto
922 1491 1057 1554 quod
1082 1492 1419 1554 superioribus
1446 1491 1647 1548 litteris,
1674 1498 1749 1548 ut,
1776 1494 1815 1538 si
1843 1491 1964 1555 quid

474 1583 524 1626 in
560 1579 772 1643 perditis
808 1579 958 1625 rebus
994 1578 1283 1642 dispiceres,
1321 1578 1455 1641 quod
1492 1577 1613 1624 mihi
1651 1585 1856 1642 putares
1892 1577 1963 1625 fa-

471 1666 724 1722 ciendum,
768 1682 850 1712 me
898 1681 1143 1712 moneres.
1226 1664 1276 1711 Si
1323 1668 1535 1729 recipior
1579 1666 1643 1712 ab
1687 1664 1780 1722 his,
1827 1665 1963 1729 quod

472 1754 610 1801 vides
635 1770 736 1799 non
761 1752 884 1809 fieri,
908 1759 1100 1809 tamen,
1125 1752 1292 1815 quoad
1314 1752 1505 1799 bellum
1530 1755 1645 1809 erit,
1670 1752 1791 1815 quid
1815 1769 1961 1817 agam

473 1848 562 1887 aut
608 1842 692 1887 ubi
739 1843 849 1897 sim,
894 1856 995 1886 non
1039 1842 1263 1904 reperi03
1327 1842 1403 1886 sin
1447 1842 1623 1895 iactor,
1671 1856 1731 1886 eo
1778 1842 1957 1886 minus.

474 1927 656 1990 Itaque
686 1934 801 1974 tuas
829 1926 1026 1973 litteras
1055 1934 1313 1990 exspecto,
1343 1942 1529 1990 easque
1559 1934 1617 1973 ut
1648 1926 1714 1973 ad
1742 1942 1824 1973 me
1853 1929 1961 1973 sine

471 2015 790 2061 dubitatione
813 2014 1016 2070 scribas,
1038 2030 1174 2077 rogo.

536 2101 686 2159 Quod
720 2101 918 2157 suades,
952 2107 1011 2147 ut
1044 2100 1109 2147 ad
1143 2100 1391 2159 Quintum
1424 2101 1639 2147 scribam
1673 2100 1737 2147 de
1771 2099 1848 2147 his
1881 2099 1961 2147 lit-

471 2193 611 2245 teris,
647 2187 884 2244 facerem,
921 2190 961 2234 si
997 2204 1079 2234 me
1118 2190 1386 2251 quicquam
1422 2191 1550 2234 istae
1586 2187 1789 2235 litterae
1827 2186 1961 2234 dele-

471 2282 686 2322 ctarent.
739 2274 850 2321 Etsi
870 2274 1075 2338 quidam
1093 2277 1290 2338 scripsit
1309 2274 1374 2322 ad
1391 2291 1474 2321 me
1492 2273 1568 2321 his
1587 2275 1780 2321 verbis:
1800 2272 1826 2290 “
1851 2274 1961 2338 Ego

473 2370 531 2409 ut
556 2365 607 2407 in
633 2361 708 2408 his
736 2361 879 2408 malis
907 2359 1069 2408 Patris
1096 2378 1205 2408 sum
1231 2378 1331 2408 non
1357 2363 1569 2416 invitus3
1614 2377 1777 2408 essem
1803 2360 1961 2407 liben-

472 2452 590 2506 tius,
628 2451 668 2495 si
704 2448 864 2495 frater
900 2455 1018 2495 tuus
1057 2465 1117 2494 ea
1154 2448 1218 2495 de
1256 2455 1309 2495 te
1348 2448 1654 2511 loqueretur,
1693 2464 1824 2511 quae
1863 2463 1959 2510 ego

473 2536 646 2582 audire
682 2533 918 2583 vellem.''
986 2534 1136 2594 Quod
1169 2538 1239 2582 ais
1272 2534 1411 2582 illum
1445 2535 1510 2581 ad
1542 2542 1595 2581 te
1629 2535 1845 2581 scribere
1879 2550 1960 2580 me

470 2652 557 2694 402
