1988 3008
55 1207 152 1255 Scr.
178 1208 225 1256 in

54 1275 98 1321 F
97 1277 304 1322 ormiano

48 1342 172 1406 prid.
198 1342 272 1391 Id.

55 1408 205 1455 Mart.
226 1427 270 1456 a.
295 1411 388 1460 705

697 200 980 248 MARCUS
1025 202 1325 251 TULLIUS
1371 204 1620 254 CICERO

413 326 523 374 feci.
595 327 703 374 Iam
741 328 842 375 duo
879 329 1123 392 praefecti
1163 330 1361 379 fabrum
1401 331 1606 398 Pompei
1645 338 1697 384 in
1733 354 1901 386 meam

413 414 723 469 potestatem
753 417 1002 456 venerunt
1031 417 1085 457 et
1114 428 1143 457 a
1171 428 1252 459 me
1282 416 1417 460 missi
1447 422 1577 462 sunt.
1648 415 1698 462 Si
1728 418 1900 466 volent

410 490 542 550 grati
564 504 691 544 esse,
712 488 975 537 debebunt
995 488 1291 555 Pompeium
1311 492 1517 549 hortari,
1538 502 1596 542 ut
1615 496 1758 544 malit
1778 497 1896 544 mihi

412 584 521 614 esse
564 571 752 615 amicus
795 586 948 633 quam
990 573 1065 627 iis,
1108 574 1191 634 qui
1237 580 1290 620 et
1330 573 1398 619 illi
1443 581 1496 621 et
1538 575 1656 622 mihi
1702 593 1900 641 semper

411 646 617 694 fuerunt
647 651 998 705 inimicissimi;
1046 668 1257 714 quorum
1288 654 1508 701 artificiis
1538 654 1775 704 effectum
1805 665 1899 715 est,

413 734 468 773 ut
493 743 571 774 res
596 728 798 791 publica
823 733 871 776 in
897 729 1029 777 hunc
1055 739 1245 780 statum
1272 737 1573 797 perveniret.

1089 979 1213 1026 VIII

898 1102 1070 1133 CICERO
1103 1103 1277 1134 ATTICO
1310 1103 1407 1136 SAL.

476 1189 784 1239 Cenantibus
810 1209 847 1239 11
874 1193 990 1240 Idus
1015 1194 1176 1250 nobis,
1199 1211 1256 1241 ac
1279 1203 1434 1243 noctu
1458 1196 1680 1260 quidem,
1704 1197 1894 1247 Statius

412 1286 441 1315 a
459 1277 512 1317 te
534 1273 801 1334 epistulam
821 1273 1028 1320 brevem
1047 1274 1236 1322 attulit.
1307 1275 1387 1322 De
1409 1275 1465 1322 L.
1485 1276 1744 1340 Torquato
1763 1279 1897 1342 quod

413 1355 630 1412 quaeris,
652 1369 751 1399 non
773 1353 921 1400 modo
945 1353 1146 1410 LuciuS‚
1166 1355 1257 1402 sed
1279 1359 1436 1402 etiam
1458 1355 1615 1403 Aulus
1637 1357 1895 1420 profectus

413 1438 507 1487 est,
529 1432 658 1478 alter
678 1433 900 1480 multos}
969 1434 1049 1481 De
1071 1434 1402 1482 Reatinorum
1421 1453 1605 1483 corona
1626 1437 1760 1500 quod
1778 1443 1897 1486 scri-

412 1511 502 1567 bis,
529 1512 741 1559 moleste
767 1512 876 1560 fero
903 1517 953 1559 in
979 1530 1102 1578 agro
1128 1513 1311 1562 Sabino
1337 1523 1621 1563 sementem
1648 1518 1755 1564 fieri
1782 1535 1895 1582 pro·

407 1595 705 1654 scriptionis.
775 1592 1044 1641 Senatores
1059 1595 1242 1642 multos
1259 1611 1369 1642 esse
1384 1595 1574 1643 Romae
1589 1613 1677 1644 nos
1694 1614 1893 1662 quoque

407 1672 740 1720 audieramus.
809 1673 1005 1736 Ecquid
1026 1681 1171 1736 potes
1194 1675 1382 1732 dicere,
1404 1693 1492 1722 cur
1517 1677 1768 1724 exierint?
1836 1678 1892 1725 In

407 1751 481 1798 his
522 1752 637 1799 locis
675 1756 841 1815 opinio
880 1761 958 1800 est
995 1758 1288 1801 coniectura
1324 1759 1485 1819 magis
1525 1773 1677 1819 quam
1714 1762 1893 1806 nuntio

406 1840 494 1879 aut
529 1833 711 1879 litteris
747 1833 1017 1880 Caesarem
1055 1834 1264 1881 Formiis
1299 1852 1343 1882 a.
1378 1836 1426 1882 d.
1461 1852 1510 1882 xl
1549 1836 1658 1883 Kal.
1694 1837 1892 1900 Apriles

406 1911 527 1959 fore.
597 1913 693 1969 Hic
710 1930 804 1977 ego
822 1914 1002 1961 vellem
1018 1913 1207 1961 habere
1225 1915 1435 1962 Homeri
1452 1915 1588 1961 illam
1608 1915 1890 1964 Minervam

404 1993 691 2039 simulatam
718 1993 961 2049 Mentori,
984 1997 1061 2041 cui
1086 1994 1337 2041 dicerem:

450 2096 648 2157 Μέντορ,
675 2099 770 2146 πῶς
794 2093 834 2143 τ’
858 2094 929 2157 ἄρ’
951 2097 1018 2153 ἴω,
1044 2100 1138 2147 πῶς
1161 2097 1199 2144 τ’
1225 2096 1282 2159 ἂρ
1307 2098 1663 2159 προσπτύξομαι
1688 2101 1854 2155 afra-dm

407 2199 606 2246 Nullam
625 2217 733 2247 rem
753 2217 993 2264 umquam
1012 2201 1340 2249 difficiliorem
1360 2206 1594 2266 cogitavi,
1613 2204 1703 2250 sed
1722 2210 1889 2269 cogito

405 2287 578 2326 tamen
606 2297 699 2327 nec
728 2297 814 2328 ero
844 2288 900 2328 ut
928 2284 978 2326 in
1006 2281 1148 2327 malis
1177 2285 1469 2344 imparatus.
1538 2281 1637 2329 Sed
1665 2300 1803 2341 cura,
1832 2293 1888 2333 ut

406 2360 585 2407 valeas.
655 2359 784 2407 Puto
808 2364 943 2407 enim
966 2361 1101 2408 diem
1123 2369 1270 2408 tuum
1291 2360 1402 2408 heri
1426 2361 1593 2409 fuisse.

461 2477 477 2500 1
508 2477 590 2516 For
628 2476 691 2516 the
732 2478 1030 2526 unintelliqible
1071 2477 1180 2516 alter
1221 2477 1380 2516 multos
1422 2477 1525 2517 Reid
1566 2486 1747 2529 suqqests
1787 2487 1888 2522 ante

402 2530 562 2576 multo:
602 2531 752 2570 Purser
771 2531 879 2570 alter
898 2531 1006 2570 duos
1024 2531 1191 2582 aliquos
1209 2531 1299 2571 dies
1318 2531 1456 2579 abest,
1475 2531 1584 2571 alter
1603 2534 1775 2574 multos.

405 2623 491 2665 214
