1988 3008
698 181 980 229 MARCUS
1024 182 1328 230 TULLIUS
1374 182 1626 232 CICERO

413 313 589 373 magis,
609 326 672 356 ne
693 309 814 373 quid
830 309 914 357 ille
933 313 1247 373 superiorum
1265 314 1551 359 meminisse
1571 329 1652 359 me
1671 319 1893 376 putaret.

414 385 558 444 Quae
589 389 628 432 si
658 389 878 432 maxime
908 389 1267 443 meminissem,
1296 395 1473 435 tamen¹
1501 387 1631 436 illius
1660 393 1905 453 temporis

413 462 794 509 similitudinem
816 466 916 509 iam
938 466 1079 526 sequi
1103 463 1359 511 deberem.
1432 463 1570 511 Nihil
1591 482 1674 512 me
1697 465 1906 522 adiuvit,

412 555 526 584 cum
546 546 744 601 posset3
782 539 871 586 sed
890 547 1068 602 postea
1086 539 1183 587 fuit
1203 544 1409 597 amicus,
1434 544 1590 588 etiam
1610 541 1773 599 valde,
1792 558 1902 599 nec,

413 632 566 677 quam
593 616 657 661 ob
685 632 907 671 causam,
934 615 1083 679 plane
1112 620 1227 664 scio.
1298 617 1432 681 Ergo
1460 634 1556 682 ego
1584 635 1786 682 quoque
1812 618 1903 666 illi.

415 691 548 749 Quin
584 695 740 747 etiam
774 692 897 739 illud
930 710 1020 756 par
1052 697 1103 739 in
1138 701 1355 758 utroque
1390 702 1639 752 nostrum,
1674 696 1808 759 quod
1843 697 1907 743 ab

413 768 604 815 eisdem
645 768 801 815 illecti
842 786 1027 817 sumus.
1097 769 1198 817 Sed
1239 774 1437 818 utinam
1478 778 1683 819 tantum
1723 789 1819 836 ego
1860 775 1905 819 ei

414 845 648 908 prodesse
671 848 965 909 potuissem,
989 854 1238 910 quantum
1259 847 1380 894 mihi
1402 847 1485 895 ille
1507 849 1702 912 potuit!
1775 847 1902 895 Mihi

412 928 604 979 tamen,
627 923 762 986 quod
783 922 922 979 fecit,
942 927 1300 987 gratissimum.
1371 924 1477 972 Nec
1499 942 1595 990 ego
1617 941 1767 982 nunc,
1790 942 1907 973 eum

419 1002 588 1046 iuvare
619 1016 720 1062 qua
748 1016 802 1046 re
832 1003 1035 1063 possim,
1065 1003 1166 1047 scio
1198 1018 1307 1058 nec,
1337 1004 1378 1048 si
1407 1018 1624 1065 possem,
1653 1019 1769 1050 cum
1798 1009 1906 1050 tam

411 1075 709 1138 pestiferum
755 1076 944 1124 bellum
991 1085 1210 1140 pararet,
1259 1078 1599 1126 adiuvandum
1646 1085 1897 1143 putarem.

411 1152 632 1199 Tantum
656 1152 911 1201 offendere
936 1157 1160 1201 animum
1185 1158 1290 1202 eius
1314 1154 1395 1202 hic
1418 1172 1629 1203 manens
1652 1155 1784 1212 nolo,
1809 1172 1903 1204 nec

412 1229 700 1277 mehercule
725 1233 823 1300 ista
847 1230 1035 1288 videre,
1060 1248 1191 1295 quae
1216 1239 1273 1278 tu
1298 1239 1442 1295 potes
1466 1235 1568 1279 iam
1593 1236 1759 1280 animo
1785 1249 1893 1297 pro-

415 1306 599 1363 videre,
646 1323 738 1355 nec
782 1300 1028 1356 interesse
1073 1311 1180 1356 istis
1225 1309 1368 1356 malis
1412 1326 1626 1372 possem.
1698 1309 1799 1357 Sed
1843 1326 1904 1357 eo

414 1383 603 1430 tardior
646 1383 710 1431 ad
753 1384 1116 1432 discedendum
1160 1384 1248 1442 fui,
1293 1386 1429 1449 quod
1472 1386 1673 1433 difficile
1717 1393 1796 1434 est
1839 1386 1903 1434 de

411 1460 631 1507 discessu
672 1460 953 1508 voluntario
999 1465 1107 1509 sine
1155 1462 1256 1509 ulla
1294 1479 1383 1526 spe
1423 1463 1615 1510 reditus
1654 1466 1895 1527 cogitare.

413 1536 544 1583 Nam
570 1553 665 1601 ego
690 1537 823 1584 hunc
847 1541 922 1585 ita
945 1546 1181 1602 paratum
1208 1539 1351 1586 video
1378 1539 1630 1602 peditatu,
1649 1542 1898 1603 equitatu,

410 1613 666 1670 classibus,
688 1614 883 1661 auxiliis
909 1614 1184 1671 Gallorum,
1211 1632 1335 1680 quos
1364 1614 1557 1663 Matius
1584 1619 1821 1678 ἐλάπεζεν,
1850 1623 1908 1664 ut

412 1697 554 1753 puto,
592 1691 681 1737 sed
727 1698 867 1738 certe
917 1692 1122 1740 dicebat
1146 1729 1156 1740 .
1186 1692 1258 1740 ..1
1295 1693 1544 1756 peditum,
1582 1696 1816 1757 equitum
1853 1709 1907 1740 se

414 1766 635 1830 polliceri
686 1775 892 1832 sumptu
941 1786 1031 1816 suo
1080 1786 1235 1816 annos
1285 1769 1477 1816 decem.
1548 1768 1648 1817 Sed
1696 1772 1762 1817 sit
1811 1768 1906 1816 hoc

411 1845 659 1907 λάπισμα;
703 1861 911 1909 magnas
944 1844 1101 1893 habet
1134 1852 1273 1893 certe
1298 1850 1466 1909 copias
1492 1853 1545 1893 et
1570 1845 1781 1894 habebit
1806 1863 1906 1894 non

417 1920 595 1967 Italiae
610 1921 850 1985 vectigal,
866 1922 955 1970 sed
969 1926 1151 1969 civium
1165 1924 1312 1970 bona.
1383 1922 1530 1970 Adde
1546 1923 1908 1971 confidentiam

415 1996 644 2054 hominis,
677 1998 807 2045 adde
839 1999 1243 2046 imbecillitatem
1276 2000 1519 2047 bonorum
1554 2003 1786 2057 virorum,
1819 2003 1901 2064 qui

416 2073 639 2136 quidem,
669 2074 804 2138 quod
833 2075 973 2122 illum
1004 2077 1093 2123 sibi
1126 2079 1308 2123 merito
1338 2079 1523 2123 iratum
1554 2073 1756 2140 putant,
1786 2076 1902 2124 ode—

416 2157 548 2206 runt,
590 2157 648 2197 ut
686 2158 743 2198 tu
783 2153 971 2207 scribis,
1013 2152 1200 2199 ludum.
1271 2153 1346 2199 Ac
1386 2153 1567 2199 vellem
1608 2155 1904 2216 scripsisses,

415 2230 644 2290 quisnam
685 2226 779 2275 hoc
820 2229 1164 2293 significasset.
1233 2228 1334 2276 Sed
1375 2237 1427 2276 et
1469 2233 1582 2285 iste,
1625 2231 1708 2293 qui
1728 2229 1748 2258 2
1790 2229 1900 2293 plus

414 2303 723 2360 ostenderat,
751 2322 902 2368 quam
931 2305 1068 2362 fecit,
1095 2313 1149 2353 et
1176 2305 1324 2370 vulgo
1350 2305 1506 2361 illum,
1533 2309 1618 2370 qui
1646 2313 1899 2364 amarunt,

471 2398 487 2422 ¹
514 2398 679 2442 CCIOO
708 2399 917 2449 peditum,
943 2402 1140 2452 equitum
1165 2414 1239 2440 sex
1264 2402 1433 2442 Rosius.

475 2452 491 2475 ²
520 2451 605 2491 The
639 2453 808 2503 reading]
843 2454 882 2492 is
918 2467 1008 2503 very
1044 2455 1275 2495 uncertain.
1335 2454 1421 2494 The
1458 2454 1589 2494 MSS.
1627 2453 1726 2495 have
1763 2467 1808 2495 oc
1836 2455 1906 2507 for

414 2517 476 2552 ae,
501 2505 649 2545 scribis
661 2507 732 2558 sor
752 2507 1002 2558 scripsisse&
1025 2508 1094 2548 hio
1106 2508 1177 2560 for
1198 2507 1279 2548 hoc
1297 2509 1381 2547 and
1405 2509 1478 2560 qui
1489 2507 1561 2560 for
1584 2510 1698 2560 quia.

417 2574 504 2628 246
