1988 3008
706 237 988 286 MARCUS
1032 238 1332 287 TULLIUS
1377 239 1626 289 CICERO

422 385 567 415 ruere
592 371 828 415 nuntiant
853 375 906 415 et
929 371 1028 414 iam
1051 370 1252 431 iamque
1277 368 1470 425 adesse,
1494 386 1593 416 non
1617 376 1674 417 ut
1696 386 1902 417 manum

423 453 654 492 conserat
685 445 906 508 (quicum
937 448 1071 491 enim
1087 445 1144 502 Ρ),
1174 445 1264 492 sed
1293 453 1350 492 ut
1379 446 1552 510 fugam
1581 447 1901 494 intercludat.

424 523 535 586 Ego
560 530 732 569 autem
757 526 807 568 in
834 522 982 569 Italia
1005 522 1079 571 καὶ
1107 525 1598 573 συναποθανεῖν-ηερ
1626 532 1680 571 te
1708 524 1761 571 id
1788 541 1902 571 con-

426 600 560 655 sulo;
613 603 688 646 sin
723 607 884 656 extra,
920 600 1040 663 quid
1074 600 1204 664 ago?
1270 600 1353 648 Ad
1386 601 1693 648 manendum
1725 600 1903 658 hiems,

425 677 642 734 lictores,
676 677 937 740 improvidi
974 684 1028 724 et
1062 677 1392 742 neglegentes
1427 679 1597 735 duces,
1632 678 1698 726 ad
1730 678 1904 743 fugam

425 754 656 802 hortatur
692 758 913 801 amicitia
949 755 1127 812 Gnaei,
1162 772 1313 803 causa
1348 757 1608 814 bonorum,
1642 757 1905 820 turpitudo

425 832 761 896 coniungendi
787 849 900 880 cum
925 839 1170 896 tyranno3
1214 836 1299 897 qui
1325 834 1529 897 quidem
1553 836 1802 881 incertum
1827 841 1906 882 est

426 909 742 957 Phalarimne
795 927 860 957 an
911 908 1228 958 Pisistratum
1279 914 1344 958 sit
1393 914 1695 959 imitaturus.
1763 911 1906 959 Haec

426 988 575 1035 velim
610 987 833 1051 explices
868 995 922 1035 et
955 1004 1036 1035 me
1071 991 1209 1035 iuves
1243 988 1474 1045 consili03
1527 991 1622 1036 etsi
1655 996 1708 1036 te
1742 993 1906 1053 ipsum

426 1069 537 1113 istic
569 1068 669 1112 iam
701 1064 864 1112 calere
897 1072 1040 1129 puto,
1074 1065 1164 1113 sed
1195 1073 1386 1123 tamen,
1421 1073 1667 1129 quantum
1699 1069 1903 1130 poteris.

426 1145 536 1208 Ego
563 1146 602 1190 si
628 1143 750 1206 quid
773 1142 853 1190 hic
877 1141 1026 1190 hodie
1052 1146 1166 1190 novi
1192 1160 1425 1207 cognoro,
1451 1146 1604 1200 scies3
1646 1146 1747 1190 iam
1773 1147 1906 1191 enim

428 1222 643 1268 aderunt
677 1220 904 1268 consules
940 1221 1005 1268 ad
1040 1237 1153 1268 suas
1190 1221 1372 1268 Nonas.
1441 1221 1573 1268 Tuas
1609 1221 1792 1268 cotidie
1826 1221 1908 1268 lit-

428 1307 563 1346 teras
600 1299 934 1362 exspectab03
989 1298 1054 1345 ad
1087 1297 1177 1345 has
1215 1305 1405 1355 autem,
1441 1315 1555 1345 cum
1590 1301 1796 1362 poteris,
1831 1315 1908 1345 re-

429 1377 628 1423 scribes.
698 1374 940 1423 Mulieres
969 1382 1022 1423 et
1051 1375 1315 1423 Cicerones
1342 1379 1394 1423 in
1423 1376 1686 1423 Formiano
1713 1375 1905 1440 reliqui.

1108 1669 1231 1716 XXI

915 1783 1087 1813 CICERO
1122 1783 1294 1813 ATTICO
1329 1783 1426 1814 SAL.

82 1869 179 1917 Sor.
225 1868 410 1918 Calibus
497 1866 576 1913 De
606 1864 747 1912 malis
777 1868 958 1912 nostris
986 1872 1044 1911 tu
1072 1868 1208 1928 prius
1237 1865 1378 1911 audis
1408 1882 1557 1928 quam
1588 1882 1698 1930 ego.
1768 1865 1911 1912 Istim

90 1936 163 1985 VI
179 1936 251 1984 Id·
275 1936 407 1983 Febr·
435 1947 567 1990 enim
608 1949 862 1989 emanant.
930 1942 1052 1988 Boni
1094 1949 1267 1989 autem
1305 1941 1418 1988 hinc
1458 1943 1592 2005 quod
1631 1950 1911 2007 exspecteS,
1987 1968 1988 1994 3

83 2011 186 2050 ame
239 2004 379 2051 lucem
435 2020 556 2067 nihil
584 2027 676 2066 est.
744 2019 872 2066 Veni
900 2019 1125 2083 Capuam
1153 2019 1218 2066 ad
1245 2019 1413 2066 Nonas
1441 2019 1606 2076 Febr.,
1632 2023 1706 2067 ita
1732 2027 1790 2067 ut
1816 2023 1912 2066 ius-

84 2089 127 2118 α·
152 2072 245 2122 705
436 2104 604 2145 serant
628 2096 869 2144 consules.
938 2096 1013 2143 Eo
1037 2096 1119 2144 die
1145 2096 1388 2143 Lentulus
1414 2100 1551 2143 venit
1575 2113 1699 2144 sero.
1767 2096 1914 2144 Alter

435 2173 606 2222 consul
626 2177 827 2221 omnino
847 2190 947 2221 non
968 2181 1177 2221 venerat
1195 2189 1267 2221 vn
1290 2173 1423 2220 Idus.
1464 2173 1540 2220 Eo
1561 2176 1694 2220 enim
1715 2173 1796 2221 die
1818 2191 1913 2238 ego

437 2252 610 2315 Capua
642 2251 843 2298 discessi
877 2258 931 2298 et
962 2253 1122 2298 mansi
1155 2250 1370 2298 Calibus.
1440 2250 1565 2298 Inde
1596 2249 1686 2298 has
1718 2250 1913 2298 litteras

437 2329 677 2392 postridie
710 2335 828 2374 ante
858 2327 1022 2374 lucem
1052 2328 1184 2375 dedi.
1252 2327 1411 2384 Haec,
1442 2327 1644 2391 Capuae
1675 2327 1795 2374 dum
1825 2326 1914 2384 fui,

437 2408 663 2469 cognovi,
684 2404 804 2451 nihil
824 2407 875 2451 in
895 2404 1195 2462 consulibus,
1214 2404 1405 2452 nullum
1426 2421 1638 2468 usquam
1657 2404 1912 2452 dilectum.

438 2481 544 2528 Nec
577 2485 710 2527 enim
743 2484 1103 2545 conquisitores
1137 2486 1541 2545 φαινοπροσωπεῖν
1570 2479 1775 2538 audent,
1801 2498 1915 2527 cum

437 2559 519 2606 ille
557 2559 704 2615 adsit,
740 2566 1015 2623 contraque
1051 2566 1222 2606 noster
1256 2558 1358 2606 dux
1395 2575 1641 2622 nusquam
1677 2561 1758 2615 sit,
1795 2557 1914 2604 nihil

436 2651 497 2707 84
