2014 3008
755 215 1039 263 MARCUS
1083 215 1384 263 TULLIUS
1430 216 1681 264 CICERO

473 362 610 409 ergo,
639 352 697 392 ut
726 351 1040 392 sustentetur
1067 360 1158 408 per
1187 351 1256 391 te.
1326 345 1407 392 De
1441 344 1708 402 Frusinati,
1738 350 1778 394 si
1808 348 1956 397 modo

472 438 670 485 fruituri
687 455 874 495 sumus,
892 441 989 486 erit
1005 437 1127 485 mihi
1143 455 1223 485 res
1241 445 1538 503 opportuna.
1593 438 1740 487 Meas
1757 440 1953 490 litteras

473 532 608 595 quod
630 535 856 595 requiris,
875 531 1121 595 impedior
1144 535 1312 595 inopia
1335 548 1520 590 rerum,
1541 550 1664 596 quas
1686 534 1845 582 nullas
1865 534 1950 583 ha-

470 627 567 673 beo
590 625 771 673 litter—is
789 626 983 690 dignas,
1002 628 1188 690 quippe
1207 629 1303 682 cui,
1322 643 1415 673 nec
1435 643 1565 690 quae
1586 627 1841 684 accidunt,
1859 645 1952 677 nec

471 737 600 783 quae
628 727 863 784 aguntur,
889 719 988 766 ullo
1013 719 1162 766 modo
1187 721 1477 783 probentur.
1548 720 1758 768 Utinam
1783 739 1953 770 coram

470 821 640 860 tecum
667 814 785 860 olim
811 816 978 877 potius
1006 831 1158 878 quam
1187 830 1276 876 per
1303 813 1568 877 epistulas!
1637 814 1734 861 Hic
1761 822 1869 872 tua,
1897 824 1954 863 ut

470 925 671 971 possum
688 915 834 955 tueor
851 906 987 970 apud
1002 906 1106 954 hos.
1176 907 1361 954 Cetera
1378 907 1538 955 Celer.
1609 908 1723 972 Ipse
1743 908 1850 973 fugi
1869 909 1953 957 ad-

469 1001 565 1048 huc
601 1018 749 1049 omne
785 1018 966 1048 munus
1004 1018 1063 1047 eo
1099 1004 1276 1065 magis,
1314 1001 1449 1064 quod
1483 1004 1557 1048 ita
1593 1001 1712 1048 nihil
1750 1010 1953 1066 poterat

470 1099 569 1159 agi,
594 1102 650 1142 ut
674 1094 795 1141 mihi
821 1102 874 1142 et
897 1097 1021 1141 meis
1047 1095 1195 1141 rebus
1221 1101 1397 1159 aptum
1422 1102 1571 1142 esset.

1165 1394 1265 1441 IVa

954 1507 1128 1537 CICERO
1162 1507 1336 1537 ATTICO
1371 1507 1467 1538 SAL.

116 1599 212 1646 Ser,
231 1599 445 1664 Dyrrha-
533 1589 667 1648 Quid
703 1591 767 1636 sit
801 1595 1003 1653 gestum
1039 1592 1170 1645 novi,
1206 1592 1419 1652 quaeris.
1490 1588 1566 1636 Ex
1605 1589 1794 1637 Isidoro
1829 1593 1951 1638 scire

114 1666 448 1747 ChiiffllerXVI
468 1686 671 1747 poteris.
740 1682 953 1746 Reliqua
986 1699 1084 1729 non
1118 1682 1351 1729 videntur
1384 1699 1492 1730 esse
1525 1683 1810 1730 difficiliora.
1879 1683 1952 1732 Tu

114 1732 446 1852 {dxxix-706
471 1777 521 1824 id
567 1776 733 1833 velim,
781 1776 916 1840 quod
963 1779 1056 1823 scis
1102 1792 1184 1823 me
1232 1779 1452 1823 maxime
1499 1775 1644 1832 velle,
1691 1794 1850 1834 cures,
1897 1783 1954 1824 ut

469 1871 656 1926 scribis,
675 1878 732 1917 ut
750 1869 885 1917 facis.
957 1869 1047 1916 Me
1065 1869 1265 1917 conficit
1282 1868 1580 1926 sollicitudo,
1599 1887 1661 1917 ex
1681 1887 1781 1934 qua
1798 1874 1952 1918 etiam

467 1981 662 2012 summa
686 1963 947 2010 infirmitas
971 1966 1201 2026 corporis.
1272 1962 1386 2022 Qua
1410 1962 1577 2010 levata
1602 1980 1687 2011 ero
1712 1981 1812 2011 una
1835 1981 1949 2012 cum

468 2076 544 2114 eo,
570 2061 654 2122 qui
679 2060 940 2122 negotium
964 2060 1097 2121 gerit
1122 2064 1300 2121 estque
1326 2060 1377 2103 in
1401 2073 1489 2120 spe
1515 2074 1712 2121 magna.
1766 2057 1948 2105 Brutus

467 2155 681 2207 amicus3
724 2155 772 2197 in
796 2168 943 2198 causa
971 2158 1196 2198 versatur
1220 2154 1415 2197 acriter.

531 2246 789 2293 Hactenus
836 2245 947 2301 fuit,
994 2244 1127 2308 quod
1172 2251 1320 2291 caute
1366 2262 1395 2290 a
1441 2262 1521 2291 me
1568 2246 1711 2291 scribi
1760 2253 1942 2309 posset.

470 2340 604 2387 Vale.
675 2340 754 2386 De
791 2341 1029 2403 pensione
1068 2338 1241 2393 altera,
1279 2355 1364 2385 oro
1401 2346 1470 2390 te,
1507 2342 1637 2384 omni
1677 2355 1796 2385 cura
1830 2355 1942 2386 con-

468 2434 629 2481 sidera
657 2433 776 2496 quid
806 2432 1090 2480 faciendum
1119 2435 1199 2490 sit,
1231 2440 1283 2479 ut
1312 2435 1480 2496 scripsi
1513 2435 1568 2478 iis
1597 2432 1794 2488 litteris,
1824 2448 1945 2496 quas

469 2526 636 2574 Pollex
663 2527 793 2574 tulit.

467 2619 556 2676 360
