1988 3008
697 187 980 235 MARCUS
1024 186 1324 235 TULLIUS
1370 187 1622 236 CICERO

419 319 518 363 iam
544 333 746 380 possum
771 318 948 371 iuvari,
974 318 1077 379 qui,
1103 332 1167 363 ne
1194 315 1330 379 quod
1354 322 1528 379 optem
1554 315 1775 379 quidem,
1799 319 1899 364 iam

414 389 595 447 habeo,
618 393 710 436 nisi
734 397 791 436 ut
815 389 981 453 aliqua
1003 392 1196 436 inimici
1218 389 1559 438 misericordia
1581 390 1866 438 liberemur.

1091 600 1221 647 XIII

932 713 1106 744 CICERO
1140 713 1315 744 ATTICO
1349 713 1445 744 SAL.

63 795 159 843 Sor.
183 795 231 842 in
478 798 576 843 Οὐκ
613 796 708 843 ἔστ’
747 796 908 856 ἔτυμος
944 795 1105 859 λόγος,
1158 801 1216 840 ut
1252 798 1443 857 opinor,
1473 793 1554 841 ille
1592 794 1656 842 de
1692 796 1897 843 ratibus.

61 863 106 909 F
104 863 309 910 ormitmo
416 868 551 927 Quid
578 871 712 915 enim
740 875 891 924 esset,
919 867 1055 931 quod
1082 867 1348 931 Dolabella
1373 871 1432 915 iis
1457 868 1661 925 litteris,
1689 886 1812 932 quas
1840 885 1899 916 111

61 929 141 975 ῙΧ
165 928 226 975 K·
254 928 368 992 APr·
418 944 537 991 Idus
563 944 776 990 Martias
800 961 830 990 a
857 943 1120 990 Brundisio
1143 943 1303 1001 dedit,
1325 943 1626 1009 hanciquasi
1661 945 1902 1007 εὐημερίαν

64 1013 107 1042 α·
132 997 226 1046 705
417 1019 642 1065 Caesaris
675 1019 935 1074 scriberet,
969 1016 1268 1080 Pompeium
1300 1021 1352 1064 in
1384 997 1647 1083 fussaggaesse
1683 1035 1900 1083 eumque

416 1097 575 1157 primo
595 1101 748 1140 vento
768 1094 1157 1157 navigaturum?
1224 1082 1554 1171 Quod-vali&
1565 1093 1817 1157 discrepat
1837 1095 1901 1141 ab

415 1171 472 1215 iis
499 1167 742 1231 epistulis,
767 1184 980 1231 quarum
1007 1167 1253 1231 exempla,
1266 1157 1418 1214 antea
1443 1157 1586 1235 3,ᾲᾷ
1609 1170 1735 1214 misi.
1806 1167 1901 1214 Hic

415 1243 619 1306 quidem
655 1258 795 1289 mera
829 1241 1019 1289 scelera
1055 1242 1356 1305 loquuntur3
1404 1240 1495 1288 sed
1529 1258 1629 1288 non
1666 1248 1775 1288 erat
1807 1258 1900 1288 nec

414 1320 663 1363 recentior
695 1323 870 1363 auctor
901 1332 995 1363 nec
1027 1314 1174 1362 huius
1206 1315 1411 1379 quidem
1442 1318 1514 1362 rei
1544 1314 1720 1362 melior
1750 1315 1899 1362 Dola·

412 1390 558 1437 beHa.

476 1465 608 1511 Tuas
643 1480 691 1510 xl
730 1463 792 1510 K.
829 1466 1000 1527 accepi
1035 1463 1250 1519 litteras,
1285 1463 1464 1526 quibus
1499 1465 1666 1509 omnia
1699 1462 1901 1509 consilia

414 1537 580 1584 differs
609 1540 660 1583 in
689 1537 741 1584 id
768 1544 987 1600 tempus,
1017 1553 1132 1583 cum
1161 1539 1437 1593 scierimus,
1467 1535 1589 1599 quid
1618 1542 1790 1583 actum
1818 1539 1897 1583 sit.

414 1611 483 1658 Et
515 1618 653 1658 certe
687 1613 761 1657 ita
794 1617 888 1666 est,
922 1627 1016 1658 nec
1050 1613 1254 1657 interim
1287 1616 1459 1673 potest
1493 1612 1766 1673 quicquam
1800 1626 1901 1656 non

415 1686 563 1732 modo
601 1688 774 1741 statui,
812 1684 903 1732 sed
937 1701 1002 1732 ne
1039 1687 1251 1748 cogitari
1289 1683 1510 1747 quidem.
1580 1682 1900 1746 Quamquam

416 1759 511 1806 hae
538 1775 620 1806 me
646 1758 849 1805 litterae
878 1757 1175 1805 Dolabellae
1202 1758 1381 1805 iubent
1408 1757 1473 1804 ad
1498 1759 1737 1820 pristinas
1763 1760 1896 1820 cogi-

416 1836 635 1880 tationes
688 1835 890 1879 reverti.
978 1833 1094 1879 Fuit
1150 1835 1284 1879 enim
1338 1831 1498 1895 pridie
1553 1829 1900 1894 Quinquatrus

417 1909 621 1970 egregia
643 1913 951 1969 tempestas;
993 1922 1093 1968 qua
1117 1922 1212 1969 ego
1235 1905 1377 1952 illum
1400 1921 1547 1952 usum
1569 1911 1708 1968 puto.

481 1984 601 2031 Συνα
644 1980 740 2044 ωγὴ
768 1979 1088 2026 consiliorum
1125 1986 1328 2026 tuorum
1365 1995 1466 2025 non
1505 1985 1582 2025 est
1620 1995 1651 2024 a
1685 1994 1767 2024 me
1805 1977 1900 2025 col-

417 2054 548 2100 lecta
566 2053 630 2100 ad
647 2053 922 2116 querelam,
939 2053 1029 2100 sed
1045 2056 1206 2117 magis
1223 2052 1288 2099 ad
1305 2051 1697 2099 consolationem
1714 2068 1898 2098 meam.

417 2128 522 2174 Nec
545 2129 678 2173 enim
699 2143 781 2173 me
802 2133 910 2173 tam
931 2125 1057 2173 haec
1078 2125 1211 2172 mala
1233 2125 1491 2189 angebant
1513 2141 1666 2187 quam
1687 2127 1901 2188 suspicio

416 2201 592 2263 culpae
617 2217 674 2247 ac
706 2203 1012 2247 temeritatis
1034 2216 1194 2247 meae.
1264 2199 1393 2246 Eam
1415 2197 1604 2245 nullam
1626 2204 1751 2262 puto
1775 2214 1900 2254 esse,
1987 2255 1988 2261 ἵ

417 2277 653 2337 quoniam
676 2291 791 2320 cum
822 2273 1037 2320 consiliis
1061 2276 1160 2320 tuis
1183 2289 1298 2320 mea
1320 2271 1456 2319 facta
1479 2279 1533 2319 et
1555 2271 1759 2318 consilia
1780 2288 1896 2318 con-

417 2351 657 2395 sentiunt.
726 2346 876 2405 Quod
898 2364 1012 2394 mea
1034 2347 1410 2411 praedicatione
1434 2345 1627 2393 factum
1651 2362 1759 2393 esse
1783 2348 1899 2392 scri-

417 2423 491 2468 bis
526 2423 685 2484 magis
720 2437 871 2483 quam
905 2420 1034 2467 illius
1068 2423 1268 2476 merito,
1303 2427 1360 2466 ut
1394 2427 1595 2466 tantum
1632 2422 1675 2466 ei
1711 2419 1899 2466 debere

418 2495 628 2551 viderer,
647 2502 725 2541 est
742 2497 828 2541 ita.
899 2495 1007 2559 Ego
1025 2494 1109 2541 illa
1127 2494 1285 2542 extuli
1304 2511 1524 2558 semper,
1545 2501 1599 2542 et
1618 2510 1677 2541 eo
1696 2493 1900 2557 quidem

417 2598 507 2641 244
