1942 3022
6 2211 103 2258 Ser.
140 2212 186 2258 in
222 2212 266 2258 F
264 2229 332 2259 or-

6 2279 158 2325 miano

631 202 913 250 MARCUS
957 202 1258 250 TULLIUS
1304 202 1555 250 CICERO

349 331 605 394 triumpho
636 330 843 387 hortari,
874 334 1125 393 suscipere
1157 338 1328 394 partes
1358 347 1490 387 suas,
1520 347 1744 388 monere,
1774 347 1839 378 ne

351 416 469 454 ante
498 412 550 454 in
577 415 811 455 senatum
839 408 1152 463 accederem,
1181 424 1333 470 quam
1359 424 1468 454 rem
1494 406 1839 464 confecissem,

350 502 414 530 ne
447 484 670 531 dicendis
704 487 970 531 sententiis
1004 484 1223 547 aliquem
1255 484 1517 531 tribunum
1549 483 1838 531 alienarem.

351 561 486 619 Quid
505 561 737 624 quaeris?
775 563 827 606 in
845 560 940 607 hoc
960 561 1118 607 officio
1139 563 1380 607 sermonis
1399 559 1522 606 nihil
1540 563 1710 624 potuit
1730 576 1839 607 esse

350 638 601 701 prolixius.
653 638 733 684 De
751 636 1023 700 republica
1039 645 1212 684 autem
1229 641 1303 684 ita
1317 654 1517 684 mecum
1531 637 1728 684 locutus
1745 643 1841 693 est,

351 718 492 777 quasi
512 731 613 761 non
633 714 842 760 dubium
860 713 1051 760 bellum
1069 713 1386 761 haberemus.
1457 713 1591 760 Nihil
1613 714 1679 761 ad
1698 730 1840 777 spem

351 791 659 838 concordiae.
730 790 884 838 Plane
906 791 1046 837 illum
1068 808 1098 837 a
1117 808 1171 838 se
1193 791 1470 838 alienatum
1490 808 1606 838 cum
1627 798 1747 838 ante
1768 794 1841 837 in-

351 869 637 932 tellegeret,
652 876 763 914 tum
778 885 896 914 vero
911 885 1156 931 proxume
1170 868 1433 915 iudicasse.
1502 868 1711 915 Venisse
1728 867 1843 914 Hir-

351 950 480 992 tium
498 963 527 992 a
545 945 778 1001 Caesare,
796 947 881 1008 qui
900 952 1035 991 esset
1051 944 1121 990 illi
1139 944 1571 1001 familiarissimus,
1589 944 1655 991 ad
1671 961 1724 992 se
1741 960 1842 991 non

353 1025 636 1077 accessisse,
664 1030 734 1078 et,
761 1038 876 1068 cum
903 1021 985 1067 ille
1014 1038 1057 1067 a.
1088 1021 1135 1067 d.
1165 1037 1258 1067 vm
1289 1021 1408 1067 Idus
1436 1021 1708 1068 Decembr.
1736 1037 1843 1068 ves-

352 1103 457 1163 peri
483 1102 720 1155 venisset‚
744 1098 929 1145 Balbus
954 1098 1018 1144 de
1043 1105 1155 1144 tota
1178 1115 1232 1145 re
1256 1101 1603 1145 constituisset
1627 1115 1671 1145 a.
1698 1098 1747 1145 d.
1771 1113 1843 1144 v11

354 1178 416 1223 ad
440 1176 722 1239 Scipionem
746 1183 865 1223 ante
889 1175 1053 1222 lucem
1074 1178 1263 1230 venire,
1284 1175 1447 1222 multa
1468 1175 1532 1222 de
1554 1182 1704 1222 nocte
1727 1192 1844 1222 eum

352 1253 636 1317 profectum
675 1269 783 1299 esse
823 1252 887 1298 ad
926 1252 1209 1299 Caesarem.
1294 1252 1404 1298 Hoc
1441 1251 1510 1298 illi
1546 1252 1845 1315 τεκμηριῶὸες

355 1330 620 1377 videbatur
652 1346 761 1376 esse
794 1329 1123 1376 alienationis.
1194 1328 1330 1386 Quid
1362 1328 1557 1375 multa?
1607 1327 1730 1374 nihil
1761 1345 1844 1375 me

355 1407 489 1453 aliud
523 1406 824 1460 consolatur,
861 1409 951 1452 nisi
989 1405 1124 1468 quod
1158 1405 1316 1461 illum,
1351 1409 1429 1452 cui
1466 1408 1623 1452 etiam
1658 1408 1845 1451 inimici

355 1484 570 1530 alterum
593 1483 926 1538 consulatum,
950 1482 1154 1529 fortuna
1178 1499 1426 1528 summam
1449 1485 1735 1545 potentiam
1759 1481 1845 1528 de-

355 1561 503 1615 derit,
527 1576 626 1606 non
650 1560 863 1605 arbitror
885 1558 992 1605 fore
1015 1566 1122 1605 tam
1147 1566 1422 1614 amentem,
1446 1565 1503 1605 ut
1525 1557 1652 1605 haec
1674 1561 1724 1604 in
1748 1558 1843 1604 dis-

354 1641 545 1682 crimen
566 1636 799 1682 adducat.
869 1635 1059 1693 Quodsi
1074 1652 1219 1700 ruere
1234 1638 1476 1698 coeperit,
1490 1651 1554 1681 ne
1571 1651 1666 1698 ego
1685 1634 1846 1681 multa

356 1717 540 1766 timeo3
585 1729 714 1775 quae
742 1729 842 1758 non
870 1712 1032 1758 audeo
1059 1700 1292 1758 scribere.
1363 1710 1479 1768 Sed,
1506 1719 1563 1758 ut
1590 1728 1722 1758 nunc
1750 1718 1844 1767 est,

358 1807 401 1837 a.
425 1790 472 1836 d.
497 1805 554 1834 111
578 1789 745 1835 Nonas
769 1789 874 1835 Ian,
898 1789 962 1835 ad
984 1790 1161 1835 urbem
1181 1792 1364 1852 cogito.

1079 2011 1122 2057 V

843 2125 1017 2155 CICERO
1052 2125 1224 2155 ATTICO
1259 2124 1356 2155 SAL.

425 2206 617 2253 Multas
652 2223 751 2253 uno
784 2214 1013 2269 tempore
1047 2210 1214 2268 accepi
1252 2204 1490 2268 epistulas
1523 2210 1666 2259 'tuas3
1717 2220 1847 2268 quae

239 2279 340 2326 XV
359 2284 500 2340 mihi,
532 2299 838 2346 quamquam
866 2285 1148 2329 recentiora
1176 2281 1443 2328 audiebam
1474 2297 1537 2328 ex
1564 2284 1641 2337 iis,
1670 2284 1753 2344 qui
1784 2280 1849 2327 ad

9 2343 68 2391 K·
117 2344 239 2394 Ian-⁸
290 2353 337 2391 “t
360 2377 441 2406 me
469 2361 758 2415 veniebant,
782 2366 956 2405 tamen
981 2365 1126 2405 erant
1148 2357 1425 2412 iucundae;
1466 2357 1688 2404 studium
1713 2359 1848 2403 enim

6 2410 197 2467 videtur,
252 2428 295 2457 a.

7 2479 99 2526 704

363 2436 416 2483 et
430 2435 838 2482 benevolentiam
854 2434 1196 2481 declarabant.
1224 2433 1528 2480 Valetudine
1542 2440 1633 2479 tua
1646 2449 1850 2479 moveor

364 2520 414 2559 et
446 2511 623 2558 Piliam
653 2515 704 2557 in
734 2511 867 2557 idem
894 2527 1055 2575 genus
1083 2511 1242 2557 morbi
1272 2510 1530 2574 delapsam
1557 2525 1726 2556 curam
1755 2509 1847 2555 tibi

361 2616 417 2661 32
