1988 3008
681 237 966 286 MARCUS
1009 237 1308 286 TULLIUS
1352 237 1601 286 CICERO

401 374 620 432 torquet.
691 367 814 414 Iuva
843 383 925 414 me
957 366 1176 423 consilio,
1208 370 1247 413 si
1278 374 1441 431 potes,
1474 343 1527 414 et
1557 374 1731 416 tamen
1761 371 1876 425 ista,

401 455 647 512 quantum
680 454 842 511 potes,
876 447 1095 511 provide.
1165 446 1298 494 Nihil
1332 446 1494 494 habeo
1528 454 1674 495 tanta
1708 465 1873 496 rerum

399 529 797 592 perturbatione,
821 527 955 592 quod
977 529 1203 575 scribam.
1249 528 1380 575 Tuas
1402 527 1597 576 litteras
1621 535 1874 593 exspecto.

1061 762 1212 808 XXII

881 886 1054 917 CICERO
1089 885 1261 916 ATTICO
1295 886 1392 917 SAL.

52 978 147 1026 Scr.
184 977 231 1025 in
267 977 379 1024 For·
467 976 654 1025 Pedem
695 981 745 1024 in
789 977 936 1025 Italia
977 977 1121 1024 video
1163 977 1351 1025 nullum
1395 995 1520 1034 esse,
1562 981 1645 1042 qui
1687 996 1787 1026 non
1827 981 1878 1026 in

51 1045 201 1093 mifflw
223 1046 267 1093 V
264 1045 294 1091 Ῑ
304 1045 378 1119 Id:
404 1062 542 1106 istius
565 1065 822 1123 potestate
846 1061 925 1105 sit.
994 1058 1074 1105 De
1100 1056 1338 1123 Pompeio
1361 1061 1460 1106 scio
1483 1058 1620 1117 nihil,
1645 1076 1879 1124 eumque,

51 1112 376 1227 Febrisvffi'pm
403 1143 491 1187 nisi
527 1143 577 1186 in
614 1142 780 1186 navim
815 1156 868 1186 se
903 1138 1190 1196 contulerit,
1226 1146 1497 1203 exceptum
1531 1142 1588 1186 iri
1624 1147 1763 1204 puto.
1833 1140 1878 1188 O

51 1187 182 1295 ἔξω
200 1264 243 1294 a·
265 1217 356 1298 7⁰05
400 1220 714 1268 celeritatem
756 1219 1124 1267 incredibilem!
1169 1218 1314 1267 huius
1356 1227 1529 1267 autem
1569 1220 1879 1268 nostri—sed

402 1319 498 1348 non
526 1318 728 1365 possum
755 1303 860 1348 sine
888 1300 1056 1347 dolore
1084 1317 1316 1348 accusare
1345 1317 1478 1358 eum,
1505 1301 1568 1348 de
1596 1318 1696 1365 quo
1722 1317 1878 1366 angor

401 1389 454 1430 et
489 1385 692 1429 crucior.
760 1382 835 1428 Tu
870 1381 1079 1428 caedem
1115 1398 1215 1428 non
1250 1383 1356 1428 sine
1391 1398 1542 1429 causa
1575 1385 1742 1440 times,
1778 1399 1878 1429 non

401 1480 500 1527 quo
533 1465 695 1509 minus
730 1465 997 1526 quicquam
1032 1461 1232 1509 Caesari
1267 1462 1506 1526 expediat
1539 1462 1603 1510 ad
1635 1462 1878 1510 diuturni-

400 1551 563 1591 tatem
595 1546 831 1590 victoriae
865 1550 917 1590 et
950 1542 1319 1599 dominationis,
1352 1542 1440 1590 sed
1472 1543 1635 1600 video,
1667 1560 1878 1607 quorum

399 1625 604 1672 arbitrio
636 1626 701 1670 sit
732 1630 947 1671 acturus.
1017 1623 1175 1670 Recte
1207 1626 1286 1670 sit.
1356 1623 1548 1671 Censeo
1579 1623 1876 1672 cedendum.

400 1705 481 1752 De
513 1705 688 1768 Oppiis
719 1707 789 1751 eis
808 1703 828 1733 1
859 1720 985 1769 egeo
1014 1703 1218 1751 consilii.
1286 1703 1435 1763 Quod
1464 1707 1711 1768 optimum
1740 1703 1879 1752 factu

402 1786 668 1842 videbitur,
723 1784 890 1832 facies,
959 1784 1086 1831 Cum
1141 1783 1408 1832 Philotimo
1462 1784 1667 1849 loquere
1721 1793 1876 1850 atque

402 1866 528 1914 adeo
564 1866 854 1913 Terentiam
891 1865 1098 1913 habebis
1137 1865 1322 1912 Idibus.
1392 1865 1500 1930 Ego
1538 1865 1658 1929 quid
1695 1866 1876 1931 agam?

401 1965 502 2011 qua
533 1954 621 1994 aut
651 1953 787 1994 terra
819 1953 908 1994 aut
938 1949 1061 1993 mari
1093 1963 1365 2010 persequar
1397 1963 1530 2003 eum,
1562 1949 1645 2010 qui
1678 1948 1761 1994 ubi
1794 1949 1876 2004 sit,

402 2028 602 2076 nescio?
669 2027 776 2074 Etsi
808 2035 944 2075 terra
969 2027 1170 2090 quidem
1203 2030 1286 2090 qui
1318 2027 1552 2090 possum?
1594 2030 1719 2073 mari
1744 2027 1878 2091 quo?

400 2109 616 2156 Tradam
643 2111 796 2173 igitur
822 2111 904 2155 isti
930 2108 1047 2155 me?
1115 2107 1212 2154 Fac
1240 2124 1383 2170 posse
1411 2114 1524 2154 tuto
1552 2107 1715 2166 (multi
1745 2110 1878 2155 enim

401 2189 703 2253 hortantur),
717 2206 838 2236 num
852 2191 1006 2236 etiam
1020 2187 1231 2235 honeste
1248 2188 1266 2234 ?
1334 2187 1480 2234 Nullo
1494 2187 1656 2235 modo.
1726 2188 1877 2252 Equi-

401 2272 518 2318 dem
551 2288 581 2316 a
611 2277 665 2317 te
698 2277 871 2333 petam
902 2269 1177 2325 consilium,
1210 2275 1267 2315 ut
1300 2268 1447 2315 soleo.
1517 2267 1765 2331 Explicari
1799 2285 1876 2316 res

403 2369 500 2398 non
538 2358 736 2414 potest3
789 2349 878 2397 sed
914 2357 1105 2406 tamen,
1141 2352 1179 2396 si
1217 2349 1338 2412 quid
1372 2352 1422 2394 in
1458 2355 1683 2395 mentem
1720 2351 1874 2405 venit,

404 2432 548 2479 velim
576 2432 777 2486 scribas,
804 2437 857 2477 et
882 2433 987 2493 ipse
1015 2429 1134 2493 quid
1160 2432 1223 2476 sis
1250 2436 1463 2476 acturus.

401 2582 428 2621 d
461 2529 475 2553 ¹
505 2527 742 2620 cec113endum
774 2526 827 2565 de
859 2525 1028 2577 oppidis
1064 2526 1126 2565 iis.
1162 2525 1226 2565 M.
1286 2524 1370 2565 The
1402 2524 1622 2565 correction
1657 2524 1805 2576 Oppiis
1837 2524 1876 2565 ie

429 2595 479 2622 ue
497 2588 537 2621 ιο
593 2586 670 2621 oot.

401 2651 460 2695 88
