1988 3008
739 213 1025 262 MARCUS
1069 212 1372 261 TULLIUS
1417 212 1667 260 CICERO

452 343 587 390 tibus
627 346 822 406 gratius
863 341 1121 397 accidisse,
1161 357 1314 404 quam
1355 340 1490 404 quod
1527 357 1695 388 meam
1733 339 1945 388 Tulliam

452 419 745 463 suavissime
773 415 1258 479 diligentissimeque
1285 414 1496 461 coluisti.
1564 413 1723 461 Valde
1752 429 1812 467 eo
1838 417 1946 476 ipsa

454 489 712 536 delectata
739 496 835 544 est,
862 505 958 552 ego
984 495 1159 535 autem
1185 504 1286 534 non
1311 490 1491 533 minus.
1561 487 1712 534 Cuius
1740 487 1945 551 quidem

453 566 611 610 virtus
634 562 859 609 mirifica.
928 561 1041 620 Quo
1063 561 1212 608 modo
1233 560 1317 607 illa
1337 559 1440 607 fert
1460 560 1712 623 publicam
1732 560 1946 618 cladem,

455 653 555 699 quo
583 636 733 683 modo
761 635 1062 682 domesticas
1090 635 1271 681 tricas!
1302 641 1520 697 quantus
1549 642 1723 682 autem
1751 638 1943 682 animus

456 714 507 756 in
532 711 753 758 discessu
778 709 975 756 nostro!
1044 709 1137 756 Est
1166 710 1364 773 στοργή,
1389 715 1467 755 est
1491 725 1687 755 summa
1714 710 1944 770 σύντηξις.

454 783 647 831 Tamen
666 800 755 830 nos
774 790 916 830 recte
935 782 1104 829 facere
1126 789 1179 829 et
1198 782 1329 828 bene
1350 782 1524 828 audire
1544 782 1666 829 vult.
1734 781 1834 829 Sed
1851 781 1945 831 hac

454 874 607 920 super
643 874 697 904 re
735 873 799 904 ne
841 859 1005 912 nimis,
1042 873 1107 902 ne
1148 872 1315 903 meam
1362 859 1469 918 ipse
1515 858 1805 918 συμπάθειαν
1844 859 1944 904 iam

455 947 676 978 evocem.

517 1004 612 1059 Tu,
643 1007 681 1050 si
718 1003 839 1066 quid
871 1002 935 1049 de
970 1002 1224 1064 Hispaniis
1257 1006 1444 1049 certius
1479 1010 1533 1049 et
1564 1006 1605 1048 si
1639 1003 1759 1066 quid
1792 1003 1944 1060 aliud,

454 1078 576 1125 dum
597 1077 852 1131 adsumus,
873 1077 1079 1131 scribes,
1102 1083 1155 1122 et
1178 1092 1272 1139 ego
1295 1075 1508 1123 fortasse
1530 1076 1791 1123 discedens
1813 1077 1944 1124 dabo

455 1152 520 1198 ad
541 1159 595 1199 te
618 1150 824 1214 aliquid,
849 1166 908 1196 eo
932 1153 1089 1196 etiam
1111 1153 1291 1212 magiS‚
1315 1150 1450 1212 quod
1471 1150 1633 1196 Tullia
1655 1158 1709 1197 te
1733 1167 1833 1197 non
1854 1167 1944 1213 pu-

453 1226 600 1273 tabat
622 1224 717 1271 hoc
739 1231 972 1286 tempore
998 1239 1061 1269 ex
1087 1222 1249 1269 Italia.
1319 1223 1447 1269 Cum
1471 1223 1693 1270 Antonio
1717 1227 1841 1271 item
1866 1231 1944 1273 est

455 1298 710 1364 agendum
751 1305 809 1344 ut
849 1313 965 1344 curn
1006 1295 1224 1343 Curione
1269 1296 1483 1343 Melitae
1524 1313 1606 1344 me
1648 1297 1775 1344 velle
1817 1315 1944 1355 esse,

454 1373 570 1421 huic
595 1372 725 1420 civili
750 1371 884 1418 bello
911 1370 1042 1418 nolle
1070 1373 1332 1417 interesse.
1401 1371 1475 1418 Eo
1503 1371 1653 1417 velim
1679 1378 1785 1418 tam
1812 1371 1944 1419 facili

455 1450 530 1494 uti
556 1449 743 1510 possim
769 1452 823 1492 et
847 1451 956 1492 tam
980 1445 1112 1491 bono
1138 1447 1190 1490 in
1216 1461 1297 1490 me
1325 1461 1477 1507 quam
1503 1444 1735 1492 Curione.
1804 1446 1852 1492 Is
1879 1445 1944 1492 ad

458 1520 715 1567 Misenum
741 1534 791 1565 vl
821 1518 988 1565 Nonas
1018 1524 1258 1564 venturus
1287 1517 1569 1573 dicebatur,
1595 1518 1647 1564 id
1673 1525 1751 1565 est
1777 1517 1941 1566 hodie.

454 1593 555 1641 Sed
576 1595 837 1657 praemisit
860 1591 980 1638 mihi
1004 1591 1198 1638 odiosas
1222 1591 1417 1638 litteras
1442 1591 1534 1638 hoc
1558 1592 1818 1655 exemplo:

1119 1790 1278 1837 VIIIa

519 1888 546 1906 “
571 1904 813 1936 ANTONIUS
847 1903 981 1934 Tam.
1019 1903 1090 1933 PL.
1126 1903 1219 1933 pao
1255 1903 1334 1933 PR.
1372 1904 1600 1935 cmmzom
1637 1905 1742 1935 IMP.
1781 1905 1876 1938 SAL.

519 1986 623 2032 Nisi
647 1993 702 2032 te
724 1984 870 2032 valde
892 2001 1135 2040 amarem,
1158 1992 1211 2030 et
1233 1984 1393 2031 multo
1416 1985 1622 2047 quidem
1642 1986 1770 2048 plus,
1793 2004 1944 2049 quam

452 2066 508 2106 tu
528 2067 696 2122 putas,
714 2075 814 2105 non
829 2061 1174 2105 extimuissem
1189 2074 1459 2114 rumorem,
1474 2061 1559 2121 qui
1573 2059 1638 2105 de
1652 2066 1706 2106 te
1721 2060 1943 2122 prolatus

453 2142 549 2189 est,
578 2150 693 2180 cum
722 2135 1023 2195 praesertim
1052 2131 1233 2179 falsum
1263 2148 1372 2179 esse
1403 2135 1759 2180 existimarem.
1828 2133 1944 2190 Sed,

455 2210 573 2269 quia
610 2214 664 2253 te
703 2209 856 2252 nimio
894 2206 1003 2268 plus
1043 2206 1214 2269 diligo,
1252 2223 1352 2252 non
1390 2223 1593 2268 possum
1630 2206 1944 2254 dissimulare

454 2280 574 2326 mihi
613 2278 800 2325 famam
838 2296 1056 2342 quoque,
1086 2283 1310 2342 quamvis
1346 2282 1411 2326 sit
1447 2279 1589 2336 falsa,
1617 2284 1788 2344 magni
1817 2297 1942 2328 esse.

453 2353 524 2399 Te
548 2356 736 2399 iturum
762 2369 870 2399 esse
890 2353 908 2381 1
930 2360 1070 2399 trans
1089 2369 1227 2399 mare
1250 2353 1456 2399 credere
1476 2370 1575 2399 non
1593 2370 1812 2416 possum,
1829 2370 1944 2400 cum

457 2429 584 2473 tanti
624 2425 775 2472 facias
817 2426 1133 2472 Dolabellam
1171 2434 1223 2473 et
1259 2427 1473 2472 Tulliam
1508 2434 1668 2483 tuam,
1703 2427 1962 2483 feminam*

801 2532 816 2555 ¹
846 2531 906 2570 Te
923 2532 1086 2571 iturum
1104 2544 1194 2571 esse
1210 2532 1341 2572 added
1358 2533 1408 2582 by
1428 2532 1581 2572 Baiter.

454 2609 544 2668 308
