1942 3022
21 2344 118 2392 Ser.
153 2343 200 2390 in
241 2344 351 2392 Tre-

22 2411 186 2457 bulano
217 2411 261 2457 V

22 2477 92 2522 Id.
140 2476 255 2522 Dec.
305 2493 348 2523 a.

22 2544 116 2592 704

655 210 937 258 MARCUS
981 211 1281 260 TULLIUS
1327 213 1577 261 CICERO

375 338 583 402 Ignosce
656 337 776 384 mihi
792 353 805 394 ;
895 355 994 386 non
1067 356 1269 402 possum
1344 339 1465 388 haec
1538 341 1673 388 ferre
1747 358 1840 391 nec

373 424 547 471 feram.

436 510 593 573 Cupio
628 511 691 558 ad
725 527 896 558 omnes
931 519 1043 559 tuas
1079 512 1336 575 epistulas,
1369 513 1460 561 sed
1493 513 1613 561 nihil
1649 531 1854 562 necesse

373 604 478 651 est;
518 601 617 643 iam
640 601 775 644 enim
795 605 850 644 te
873 598 1067 645 videbo.
1138 599 1269 646 Illud
1290 606 1464 647 tamen
1486 601 1550 647 de
1574 600 1855 665 Chrysippo

372 700 552 729 -nam
588 683 652 730 de
684 684 843 731 altero
876 684 958 731 illo
986 687 1148 731 minus
1175 701 1285 732 sum
1309 686 1605 743 admiratus,
1629 691 1857 750 operario

373 768 601 826 homine3
641 770 732 817 sed
755 777 929 817 tamen
953 786 1018 817 ne
1042 770 1125 818 illo
1151 771 1355 835 quidem
1381 776 1650 837 quicquam
1673 777 1858 837 impro-

373 857 497 903 bius.
566 855 903 920 Chrysippum
927 873 1062 915 vero,
1088 874 1239 921 quem
1264 874 1359 922 ego
1382 866 1592 922 propter
1615 860 1860 908 litterula-

371 960 481 989 rum
506 947 671 990 nescio
696 943 818 1006 quid
839 943 1057 991 libenter
1082 944 1198 1001 vidi,
1222 948 1273 991 in
1295 944 1485 993 honore
1509 945 1679 1003 habui,
1703 947 1860 994 disce-

372 1030 493 1076 dere
523 1047 552 1076 a
581 1046 737 1092 puero
767 1033 1011 1077 insciente
1040 1031 1148 1077 me!
1220 1031 1377 1079 Mitto
1407 1031 1523 1089 alia,
1552 1049 1682 1097 quae
1712 1033 1861 1081 audio

373 1116 549 1172 multa,
578 1120 727 1163 mitto
757 1116 921 1172 furta3
969 1116 1141 1181 fugam
1173 1134 1272 1164 non
1303 1117 1428 1174 fero,
1459 1136 1558 1182 qua
1587 1119 1708 1166 mihi
1739 1119 1861 1167 nihil

373 1207 532 1250 visum
569 1210 647 1249 est
683 1203 991 1251 sceleratius.
1062 1203 1244 1268 Itaque
1283 1210 1516 1268 usurpavi
1557 1214 1700 1253 vetus
1739 1206 1861 1254 illud

374 1290 543 1345 Drusi,
565 1297 619 1336 ut
641 1289 829 1346 ferunt,
850 1294 1115 1353 praetoris,
1136 1294 1186 1337 in
1209 1307 1286 1348 eo,
1308 1295 1392 1354 qui
1415 1292 1594 1339 eadem
1617 1292 1740 1340 liber
1762 1310 1861 1340 non

372 1380 578 1432 iuraret,
616 1392 698 1422 me
736 1379 856 1423 istos
897 1377 1076 1424 liberos
1116 1394 1215 1424 non
1255 1378 1525 1435 addixisse,
1562 1383 1862 1442 praesertim

372 1480 485 1509 cum
507 1463 707 1510 adesset
728 1479 893 1520 nemo,
914 1480 944 1509 a
965 1480 1063 1526 quo
1082 1472 1222 1511 recte
1245 1465 1636 1513 vindicarentur.
1708 1466 1768 1514 Id
1786 1473 1867 1519 tu,

374 1557 430 1596 ut
453 1549 721 1606 videbitur,
743 1553 815 1596 ita
838 1554 1081 1613 accipies;
1122 1566 1216 1614 ego
1238 1552 1332 1598 tibi
1356 1551 1627 1599 adsentiar.

438 1636 539 1683 Uni
570 1643 691 1682 tuae
724 1636 1085 1683 disertissimae
1119 1637 1365 1700 epistulae
1399 1655 1498 1685 non
1530 1643 1778 1702 rescripsi,
1810 1643 1861 1686 in

374 1740 472 1786 qua
494 1730 572 1769 est
593 1723 657 1769 de
678 1722 910 1785 periculis
931 1727 1003 1769 rei
1027 1723 1270 1786 publicae.
1342 1724 1476 1783 Quid
1495 1725 1861 1773 rescriberem?

374 1809 516 1856 valde
546 1825 685 1855 eram
713 1810 1057 1872 perturbatus.
1127 1810 1226 1857 Sed
1257 1818 1311 1857 ut
1342 1810 1464 1857 nihil
1492 1828 1676 1875 magno
1706 1828 1860 1874 opere

373 1903 616 1951 metuam,
648 1894 819 1942 Parthi
851 1895 1060 1954 faciunt,
1092 1900 1175 1960 qui
1206 1905 1418 1960 repente
1449 1897 1683 1945 Bibulum
1712 1902 1860 1945 semi-

375 1985 539 2029 vivum
560 1981 888 2045 reliquerunt.

1077 2146 1155 2192 III

858 2257 1030 2288 CICERO
1067 2258 1237 2288 ATTICO
1271 2259 1367 2290 SAL.

439 2337 498 2384 A.
530 2337 576 2384 d.
616 2354 706 2383 vm
747 2338 863 2384 Idus
902 2338 1171 2384 Decembr.
1207 2339 1520 2385 Aeculanum
1556 2343 1667 2386 vem'
1702 2347 1754 2387 et
1791 2341 1858 2387 ibi

373 2431 485 2470 tuas
516 2423 709 2470 litteras
739 2424 857 2486 legi,
886 2440 1007 2486 quas
1039 2423 1332 2471 Philotimus
1362 2425 1482 2470 mihi
1511 2426 1746 2473 reddidit.
1817 2427 1860 2473 E

375 2510 553 2572 quibus
592 2508 719 2555 hanc
758 2513 920 2572 primo
959 2517 1167 2573 aspectu
1208 2511 1520 2574 voluptatem
1558 2515 1686 2575 cepi,
1726 2513 1859 2576 quod

381 2599 433 2643 18
