1988 3008
89 1882 186 1930 Scr.
221 1881 418 1929 Formiis

92 1949 151 1996 K.
184 1949 331 1995 Mart.

92 2033 135 2063 a.
161 2017 254 2066 705

708 218 992 265 MARCUS
1036 216 1340 265 TULLIUS
1386 216 1636 264 CICERO

426 355 591 396 castra
621 350 860 410 posuisse.
929 345 1079 404 Quod
1110 347 1284 408 putavi
1317 351 1371 392 et
1402 347 1714 407 praemonui,
1748 343 1822 401 fit,
1854 351 1913 392 ut

428 431 522 461 nec
541 418 593 460 in
611 415 900 477 praesentia
919 415 1238 459 committere
1259 419 1431 458 tecum
1451 411 1697 474 proelium
1716 410 1839 458 velit
1859 417 1914 458 et

428 482 658 528 omnibus
687 482 841 542 copiis
870 479 1130 525 conductis
1159 485 1214 525 te
1243 477 1486 541 implicet,
1516 494 1581 524 ne
1611 477 1677 524 ad
1705 493 1788 524 me
1816 480 1916 524 iter

428 549 522 594 tibi
545 546 843 609 expeditum
864 548 929 592 sit
951 552 1106 608 atque
1128 548 1250 591 istas
1271 547 1439 607 copias
1460 547 1766 607 coniungere
1788 546 1918 607 opti-

428 630 625 660 morum
651 615 834 658 civium
859 614 1016 674 possis
1043 628 1161 658 cum
1187 610 1263 658 his
1289 611 1591 674 legionibus,
1616 610 1681 657 de
1709 626 1921 673 quarum

429 679 690 726 voluntate
719 679 1024 725 dubitamus.
1093 677 1211 736 Quo
1239 680 1396 724 etiam
1421 680 1585 740 magis
1611 679 1712 724 tuis
1738 676 1922 724 litteris

429 763 540 793 sum
571 751 866 792 commotus.
936 744 1116 807 Neque
1151 746 1289 790 enim
1322 760 1496 790 eorum
1528 743 1764 800 militum,
1797 759 1921 806 quos

427 828 628 858 mecum
649 811 831 867 habeo,
853 810 1116 858 voluntate
1140 813 1264 857 satis
1286 810 1500 866 confido,
1522 817 1581 856 ut
1603 810 1667 857 de
1689 811 1920 856 omnibus

429 878 642 925 fortunis
673 881 747 924 rei
778 877 1011 940 publicae
1044 877 1298 933 dimicem,
1330 893 1497 939 neque
1531 879 1707 932 etiam,
1739 879 1825 939 qui
1859 892 1922 923 ex

430 945 697 992 dilectibus
725 947 994 1006 conscripti
1021 951 1139 990 sunt
1165 943 1468 999 consulibus,
1495 949 1857 989 convenerunt.

495 1011 664 1069 Quare
695 1011 760 1057 da
790 1027 1013 1074 operam,
1044 1013 1083 1057 si
1114 1009 1215 1057 ulla
1242 1013 1439 1056 ratione
1471 1013 1628 1056 etiam
1657 1025 1790 1056 nunc
1821 1008 1922 1056 effi-

431 1094 545 1124 cere
570 1084 735 1140 potes,
761 1084 819 1123 ut
844 1084 898 1123 te
925 1076 1163 1140 explices,
1189 1076 1284 1123 hoc
1310 1092 1464 1139 quam
1489 1079 1708 1139 primum
1733 1078 1920 1132 venias,

433 1151 709 1206 antequam
736 1160 909 1190 omnes
937 1146 1111 1206 copiae
1140 1143 1206 1190 ad
1233 1142 1575 1189 adversarium
1601 1145 1919 1189 conveniant.

433 1211 611 1273 Neque
639 1213 773 1256 enim
797 1210 1031 1256 celeriter
1056 1226 1119 1257 ex
1145 1209 1413 1256 dilectibus
1438 1208 1532 1255 hoc
1556 1208 1784 1255 homines
1808 1225 1924 1255 con-

433 1280 603 1324 venire
632 1284 859 1339 possunt,
888 1283 959 1332 et,
987 1279 1027 1322 si
1054 1279 1399 1331 convenirent,
1428 1282 1676 1338 quantum
1702 1278 1762 1322 iis
1789 1291 1922 1321 com-

432 1343 742 1390 mittendum
764 1346 846 1398 sit,
869 1346 954 1405 qui
975 1345 1109 1389 inter
1131 1359 1184 1389 se
1206 1359 1270 1389 ne
1293 1345 1401 1388 noti
1424 1342 1629 1404 quidem
1651 1349 1786 1398 sunt,
1807 1357 1939 1389 con*

433 1417 514 1457 tra
538 1417 803 1457 veteranas
826 1409 1069 1474 legiones,
1094 1426 1194 1456 non
1218 1416 1272 1456 te
1296 1412 1558 1473 praeterit.

1113 1668 1245 1715 XIII

938 1781 1112 1811 CICERO
1146 1780 1320 1810 ATTICO
1355 1779 1452 1810 SAL.

506 1871 844 1935 Lippitudinis
879 1887 1024 1917 meae
1062 1874 1260 1934 signum
1296 1871 1389 1917 tibi
1427 1873 1491 1916 sit
1526 1869 1712 1916 librarii
1750 1885 1928 1917 manus

444 1947 497 1986 et
527 1940 706 1985 eadem
735 1955 885 1984 causa
912 1939 1204 1992 brevitatis;
1253 1940 1346 1983 etsi
1377 1953 1509 1983 nunc
1539 1935 1927 1999 quidemsq‘iiod

444 2007 732 2060 scriberem,
753 2004 875 2050 nihil
897 2011 1022 2050 erat.
1091 2004 1268 2051 Omnis
1291 2006 1606 2066 exspectatio
1628 2010 1799 2049 nostra
1820 2009 1930 2048 erat

447 2076 497 2118 in
520 2074 707 2118 nuntiis
732 2071 1054 2117 Brundisinis.
1123 2069 1173 2116 Si
1197 2077 1411 2116 nanctus
1434 2069 1514 2115 hic
1539 2076 1672 2115 esset
1697 2069 1929 2115 Gnaeum

445 2145 689 2193 nostrum,
722 2154 835 2199 spes
868 2138 1020 2183 dubia
1052 2139 1206 2199 pacis,
1238 2139 1313 2182 sin
1346 2136 1427 2181 ille
1461 2142 1580 2181 ante
1613 2138 1929 2190 tramisisset,

447 2207 645 2250 exitiosi
666 2204 785 2250 belli
808 2210 988 2249 metus.
1058 2202 1158 2248 Sed
1181 2202 1403 2257 videsne,
1425 2205 1476 2247 in
1500 2218 1651 2264 quem
1673 2200 1928 2247 hominem

446 2270 679 2316 inciderit
697 2286 775 2316 res
795 2269 1013 2332 publica,
1034 2286 1186 2332 quam
1206 2276 1428 2323 acutum,
1449 2285 1601 2331 quam
1621 2267 1930 2330 vigilantem,

445 2353 598 2399 quam
614 2337 882 2399 paratum?
933 2335 983 2382 Si
1001 2335 1288 2382 mehercule
1307 2338 1562 2381 neminem
1580 2328 1957 2412 OCCidssQffl

445 2405 678 2465 cuiquam
700 2398 971 2466 qumquam
993 2393 1259 2463 ademerib‘,
1281 2402 1344 2448 ab
1365 2403 1442 2456 iis,
1465 2404 1548 2463 qui
1573 2417 1689 2447 eum
1710 2415 1929 2446 maxlme

445 2472 739 2523 timuerant,
769 2471 988 2514 maxime
1019 2468 1272 2532 diligetur.
1344 2467 1567 2513 Multum
1596 2483 1795 2513 mecum
1824 2482 1930 2512 mu-

444 2534 683 2598 nicipales
705 2534 932 2581 homines
953 2534 1244 2598 loquuntur,
1265 2534 1482 2581 multum
1503 2536 1772 2589 rusticani3
1811 2531 1932 2579 nihil

448 2624 532 2668 160
