1988 3008
69 1809 165 1857 Ser.
200 1809 397 1858 Formiis

71 1877 116 1923 X
145 1876 205 1922 K.
233 1877 363 1924 Febr.

69 1960 113 1990 a.
137 1944 230 1992 705

693 252 975 301 MARCUS
1019 253 1320 302 TULLIUS
1364 253 1616 303 CICERO

413 385 540 436 istie,
571 381 659 428 sed
689 382 856 438 facies,
889 390 943 428 ut
972 387 1145 440 sciam)
1175 386 1282 429 sine
1311 385 1686 447 magistratibus
1719 383 1892 431 urbem

415 475 538 514 esse,
567 474 672 505 sme
701 468 893 505 senatu.
967 458 1183 522 Fugiens
1210 459 1428 522 denique
1457 457 1722 523 Pompeius
1748 467 1885 507 mira-

415 535 581 580 biliter
621 534 846 581 homines
889 545 1072 581 movet.
1142 534 1275 592 Quid
1317 536 1549 599 quaeris?
1609 535 1704 583 alia
1745 552 1892 583 causa

415 622 527 657 acta
568 620 660 658 est.
730 610 862 656 Nihil
902 616 999 656 iam
1039 611 1415 658 concedendum
1456 620 1638 675 putant
1678 611 1893 660 Caesari.

419 686 556 734 Haec
583 696 638 734 tu
664 687 781 733 mihi
811 687 1004 750 explica
1030 688 1196 751 qualia
1220 692 1334 735 sint.

482 764 589 827 Ego
618 768 821 828 negotio
852 780 1079 827 praesum
1112 781 1209 811 non
1239 755 1542 813 turbulento.
1617 765 1734 814 Vult
1763 771 1896 813 enim

415 858 495 888 me
525 839 787 904 Pompeius
812 857 938 898 esse,
963 857 1113 904 quem
1139 849 1248 888 tota
1272 840 1396 889 haec
1420 841 1693 906 Campania
1718 851 1770 890 et
1795 859 1895 890 ma—

416 922 581 964 ritima
623 934 707 964 ora
749 918 937 964 habeat
978 920 1252 975 ἐπίσκαπον,
1291 918 1354 964 ad
1396 935 1547 982 quem
1589 915 1801 966 dilectus
1845 927 1898 966 et

415 1011 610 1042 summa
636 998 824 1059 negotii
853 998 1114 1041 referatur.
1188 995 1367 1058 ltaque
1399 1011 1549 1059 vagus
1576 1012 1684 1043 esse
1710 1002 1895 1060 cogita·

418 1076 546 1119 bam.
614 1071 686 1117 Te
721 1080 844 1134 puto
878 1074 976 1118 iam
1013 1070 1197 1128 videre,
1232 1087 1362 1135 quae
1396 1076 1460 1118 sit
1493 1073 1614 1135 ὁρμὴ
1656 1071 1898 1130 Caesaris,

417 1155 498 1212 qui
525 1151 752 1211 populus,
774 1153 854 1212 qui
881 1153 1036 1195 totius
1060 1151 1246 1212 negotii
1271 1157 1448 1196 status.
1520 1149 1593 1195 Ea
1615 1149 1762 1196 velim
1784 1153 1897 1196 scri-

420 1229 505 1272 bas
527 1226 590 1272 ad
612 1241 709 1281 me,
732 1234 785 1272 et
806 1224 1028 1288 quidem,
1051 1229 1284 1288 quoniam
1309 1225 1570 1272 mutabilia
1591 1234 1723 1283 sunt,
1748 1242 1899 1289 quam

417 1306 719 1365 saepissime.
790 1303 1068 1366 Aequiesco
1111 1306 1245 1349 enim
1287 1310 1341 1350 et
1381 1304 1602 1350 scribens
1645 1303 1707 1349 ad
1751 1311 1803 1350 te
1847 1310 1900 1350 et

417 1380 587 1444 legens
615 1387 718 1426 tua.

1109 1589 1210 1636 XII

904 1713 1078 1743 CICERO
1113 1713 1284 1743 ATTICO
1319 1713 1414 1744 su..

486 1806 650 1853 Unam
683 1805 844 1853 adhuc
874 1823 902 1851 a
931 1814 983 1852 te
1013 1806 1279 1867 epistulam
1310 1821 1599 1868 acceperam
1633 1803 1802 1852 datam
1833 1821 1902 1852 xn

426 1884 555 1930 Kal.
573 1887 623 1930 in
641 1900 740 1946 qua
756 1882 1130 1946 significabatur
1147 1881 1294 1927 aliam
1309 1889 1364 1928 v'te
1383 1889 1502 1928 ante
1519 1883 1733 1939 dedisse,
1753 1899 1903 1945 qua-m

423 1977 520 2008 non
543 1976 849 2023 acceperam.
920 1958 1019 2005 Sed
1040 1974 1243 2021 quaeso,
1265 1966 1323 2005 ut
1343 1959 1526 2005 scribas
1549 1975 1699 2021 quam
1720 1962 1902 2022 saepis-

423 2041 563 2093 sime,
592 2054 689 2083 non
716 2036 865 2082 modo
892 2039 929 2082 si
959 2035 1079 2098 quid
1105 2038 1229 2081 scies
1258 2043 1346 2081 aut
1373 2034 1604 2091 audieris,
1633 2035 1722 2082 sed
1749 2039 1903 2082 etiam

423 2119 460 2161 si
483 2114 602 2177 quid
621 2114 955 2176 suspicabere‚
975 2115 1296 2174 maximeque
1317 2110 1437 2174 quid
1457 2112 1597 2158 nobis
1617 2111 1903 2159 faciendum

424 2198 511 2238 aut
537 2208 634 2238 non
658 2190 943 2236 faciendum
967 2196 1130 2252 putes.
1201 2187 1347 2244 Nam,
1373 2187 1508 2251 quod
1530 2204 1692 2252 rogas,
1716 2204 1901 2245 curem,

424 2274 482 2313 ut
506 2271 646 2324 scias,
672 2266 792 2329 quid
818 2264 1084 2329 Pompeius
1111 2272 1247 2328 agat,
1274 2281 1337 2310 ne
1362 2268 1525 2327 ipsum
1551 2263 1755 2327 quidem
1779 2267 1903 2325 scire

423 2351 576 2407 puto3
622 2350 848 2390 nostrum
878 2341 1082 2405 quidem
1111 2356 1273 2388 nemo.
1345 2339 1455 2385 Vidi
1488 2339 1761 2387 Lentulum
1791 2356 1900 2387 con-

425 2419 580 2466 sulem
604 2419 810 2465 Formiis
831 2434 861 2464 x
884 2418 1014 2473 Kal.,
1035 2416 1134 2463 vidi
1156 2416 1431 2471 Libonem3
1469 2415 1618 2479 plena
1637 2419 1829 2463 timoris
1851 2423 1903 2463 et

425 2498 601 2542 erroris
626 2497 805 2541 omnia.
879 2494 967 2540 Ille
993 2496 1089 2540 iter
1114 2492 1383 2546 Larinum;
1425 2492 1489 2538 ibi
1517 2494 1651 2539 enim
1675 2490 1904 2539 cohortes

426 2580 480 2619 et
520 2571 760 2618 Luceriae
801 2577 854 2617 et
892 2570 1047 2617 Teani
1086 2569 1379 2634 reliquaque
1421 2572 1469 2614 in
1509 2568 1708 2632 Apulia.
1780 2567 1904 2616 Inde

426 2653 483 2711 56
