2014 3008
760 229 1043 277 MARCUS
1087 229 1387 277 TULLIUS
1433 228 1684 277 CICERO

1158 512 1283 558 VIII

962 625 1135 656 CICERO
1170 625 1343 655 ATTICO
1378 625 1475 657 SAL.

127 709 222 756 Ser.
234 709 456 756 Brundisi
542 706 758 766 Quantis
787 709 916 754 curis
945 707 1193 763 conficiar,
1224 710 1319 753 etsi
1347 706 1576 770 profecto
1605 706 1760 763 vides,
1789 714 1962 755 tamen

131 776 265 824 XIII
288 776 347 823 K.

127 842 228 890 Ian.
254 860 297 890 a.
322 844 415 894 706

479 804 748 851 cognosces
782 804 846 834 ex
882 787 1047 850 Lepta
1081 793 1134 834 et
1165 787 1419 834 Trebatio.
1490 786 1742 834 Maximas
1775 805 1962 852 poenas

479 867 646 931 pendo
678 870 984 915 temeritatis
1016 883 1180 924 meae,
1213 884 1366 930 quam
1397 874 1456 914 tu
1486 867 1810 932 prudentiam
1841 867 1961 915 mihi

478 948 636 995 videri
660 951 760 1004 vis;
802 964 969 1011 neque
994 955 1048 995 te
1074 948 1325 1004 deterreo,
1351 965 1450 1011 quo
1474 950 1638 995 minus
1661 947 1714 995 id
1737 948 1963 1013 disputes

476 1030 761 1092 scribasque
788 1028 853 1075 ad
877 1045 959 1074 me
986 1045 1138 1091 quam
1164 1030 1469 1091 saepissime.
1539 1027 1653 1075 Non
1676 1027 1800 1074 nihil
1827 1032 1962 1076 enim

474 1126 556 1155 me
587 1109 758 1155 levant
787 1116 908 1155 tuae
939 1108 1142 1155 litterae
1172 1107 1267 1155 hoc
1297 1114 1543 1171 tempore.
1613 1106 1710 1155 Per
1739 1124 1844 1166 eos,
1876 1112 1960 1173 qui

475 1196 646 1235 nostra
670 1205 821 1235 causa
845 1188 1019 1235 volunt
1043 1188 1315 1251 valentque
1342 1188 1478 1251 apud
1500 1187 1660 1245 illum,
1685 1187 1962 1254 diligentis-

475 1272 598 1315 sime
621 1269 896 1316 contendas
919 1286 1043 1332 opus
1067 1276 1162 1324 est,
1184 1285 1275 1331 per
1297 1268 1511 1315 Balbum
1534 1275 1587 1315 et
1611 1268 1835 1332 Oppium
1857 1287 1959 1316 ma—

475 1353 628 1405 xime,
646 1356 704 1396 ut
723 1349 787 1396 de
806 1366 888 1396 me
908 1350 1129 1396 scribant
1149 1366 1301 1412 quam
1320 1348 1719 1413 diligentissime.
1789 1349 1961 1414 Oppu-

474 1446 688 1493 gnamur
711 1433 863 1486 enim,
887 1437 944 1476 ut
968 1429 1136 1485 audio,
1160 1436 1213 1476 et
1237 1446 1267 1475 a
1287 1430 1640 1492 praesentibus
1663 1430 1962 1493 quibusdam

476 1518 529 1556 et
542 1526 633 1573 per
645 1509 856 1556 litteras.
925 1509 1010 1556 Eis
1029 1513 1103 1556 ita
1124 1516 1201 1556 est
1220 1509 1600 1566 occurrendum,
1614 1516 1673 1556 ut
1685 1512 1758 1556 rei
1771 1514 1961 1575 magni-

474 1590 599 1636 tudo
639 1590 878 1653 postulat.
949 1590 1118 1636 Fufius
1157 1597 1235 1636 est
1270 1589 1387 1646 illic,
1423 1588 1544 1635 mihi
1580 1592 1959 1638 inimicissimus.

474 1670 693 1728 Quintus
714 1673 851 1716 misit
873 1670 1028 1716 filium
1050 1686 1151 1716 non
1172 1669 1331 1716 solum
1354 1673 1429 1716 sui
1451 1669 1852 1733 deprecatorem,
1873 1671 1962 1718 sed

475 1754 631 1797 etiam
654 1757 997 1797 accusatorem
1019 1753 1134 1797 mei.
1204 1750 1427 1796 Dictitat
1449 1766 1502 1796 se
1526 1766 1556 1796 a
1576 1766 1659 1797 me
1683 1750 1818 1814 apud
1840 1750 1961 1798 Cae-

475 1847 637 1877 sarem
661 1833 958 1894 oppugnari,
982 1830 1117 1893 quod
1138 1829 1325 1876 refellit
1348 1829 1532 1876 Caesar
1554 1833 1662 1894 ipse
1686 1847 1961 1895 omnesque

475 1914 581 1957 eius
629 1913 790 1957 amici.
859 1910 1038 1973 Neque
1086 1927 1203 1957 vero
1249 1910 1466 1966 desistit,
1513 1911 1819 1974 ubicumque
1867 1918 1961 1968 est,

475 1994 642 2037 omnia
658 1994 710 2036 in
727 2007 809 2037 me
827 1990 1100 2037 maledicta
1117 1989 1359 2037 conferre.
1430 1989 1565 2036 Nihil
1582 1990 1704 2037 mihi
1722 2008 1961 2056 umquam

475 2078 582 2117 tam
599 2070 889 2117 incredibile
908 2071 1108 2126 accidit,
1126 2070 1248 2116 nihil
1263 2074 1314 2116 in
1332 2069 1406 2117 his
1424 2070 1567 2117 malis
1583 2078 1691 2117 tam
1708 2072 1959 2120 acerbum.

476 2151 575 2209 Qui
600 2167 663 2198 ex
686 2154 793 2214 ipso
818 2151 1093 2206 audissent,
1117 2168 1230 2197 cum
1254 2149 1467 2215 Sicyone
1491 2150 1658 2213 palam
1681 2151 1853 2199 multis
1877 2169 1960 2199 au-

475 2232 730 2278 dientibus
747 2230 1039 2294 loqueretur
1057 2230 1251 2277 nefaria
1269 2230 1538 2293 quaedam,
1557 2231 1622 2277 ad
1639 2247 1722 2278 me
1739 2231 1958 2294 pertule-

475 2318 608 2358 runt.
678 2310 821 2357 Nosti
852 2327 1030 2374 genus,
1062 2313 1218 2357 etiam
1249 2318 1489 2374 expertus
1521 2326 1574 2356 se
1604 2309 1831 2358 fortasse.
1901 2311 1960 2359 In

475 2407 557 2438 me
587 2390 640 2437 id
670 2397 747 2437 est
777 2407 925 2437 omne
962 2407 1270 2437 conversum.
1339 2389 1438 2437 Sed
1470 2407 1631 2454 augeo
1661 2407 1959 2439 commemo-

476 2471 632 2517 rando
665 2470 887 2517 dolorem
922 2478 975 2517 et
1008 2470 1137 2517 facio
1172 2473 1327 2517 etiam
1361 2472 1468 2517 tibi.
1539 2469 1708 2529 Quare
1742 2471 1807 2519 ad
1838 2471 1960 2519 illud

476 2551 642 2597 redeo.
713 2550 861 2607 Cura,
888 2558 944 2597 ut
970 2550 1115 2597 huius
1142 2553 1212 2597 rei
1237 2567 1387 2597 causa
1412 2550 1586 2597 dedita
1610 2567 1763 2615 opera
1786 2554 1958 2599 mittat

477 2641 566 2699 376
