1988 3042
699 222 982 270 MARCUS
1028 222 1330 270 TULLIUS
1376 221 1628 270 CICERO

416 355 592 398 castris
615 367 694 398 res
719 358 947 414 geretur,
972 350 1116 397 video
1140 366 1255 396 cum
1280 330 1441 396 altero
1467 353 1595 397 vinci
1619 353 1775 397 satius
1801 365 1911 397 esse

418 454 569 500 quam
587 454 702 484 cum
721 436 882 483 altero
901 436 1141 499 vincere),
1160 435 1252 482 sed
1272 435 1373 491 illa,
1394 451 1524 499 quae
1543 443 1655 482 tum
1675 443 1910 499 agentur,

417 541 531 570 cum
552 539 754 579 venero,
774 538 838 569 ne
861 525 990 569 ratio
1016 522 1238 569 absentis
1263 521 1531 578 habeatur,
1551 529 1609 570 ut
1629 526 1912 569 exercitum

418 610 660 657 dimittat.
731 608 758 625 ‘⁶
783 609 899 665 ch,
938 608 1011 655 M.
1049 606 1253 655 TVLL1.'’
1320 608 1457 667 Quid
1491 608 1692 656 dicam?
1760 607 1788 625 “
1811 608 1911 655 Ex-

418 703 610 758 specta,
636 695 816 742 amabo
841 702 914 751 te,
940 695 1062 741 dum
1087 694 1321 742 Atticum
1347 698 1642 742 conveniam
1666 693 1731 740 ''?
1798 694 1911 742 Non

419 790 496 830 est
546 782 679 830 locus
731 782 796 828 ad
843 781 1299 845 tergiversandum.
1369 781 1559 829 Contra
1607 781 1912 829 Caesarem?

420 868 447 885 “
474 869 574 915 Ubi
594 868 707 915 illae
727 875 846 916 sunt
866 868 1054 915 densae
1074 867 1356 915 dexterae?
1381 866 1411 883 ''
1479 867 1627 924 Nam,
1647 876 1704 915 ut
1726 869 1792 915 illi
1815 867 1910 916 hoc

418 955 611 1011 liceret,
646 955 811 1003 adiuvi
845 962 1051 1019 rogatus
1088 955 1152 1001 ab
1187 958 1293 1017 ipso
1330 954 1601 1001 Ravennae
1637 955 1701 1002 de
1737 955 1910 1003 Caelio

417 1043 621 1089 tribuno
643 1042 709 1105 pl.
779 1042 860 1088 Ab
883 1045 990 1104 ipso
1014 1041 1222 1088 autem?
1291 1041 1460 1087 Etiam
1483 1058 1514 1088 a
1537 1041 1714 1088 Gnaeo
1737 1049 1910 1089 nostro

419 1132 468 1174 in
491 1129 572 1175 illo
595 1128 761 1175 divino
783 1131 939 1175 tertio
963 1128 1238 1175 consulatu.

483 1215 645 1262 Aliter
668 1214 906 1261 sensero?
943 1216 1166 1277 Αἰδέομαι
1191 1231 1290 1261 non
1317 1214 1612 1278 Pompeium
1637 1215 1805 1273 modo,
1821 1215 1910 1263 sed

423 1307 578 1364 Τρῶας
604 1303 678 1350 καὶ
701 1303 930 1365 Τρωάδας.

577 1406 889 1467 Πουλυδάμας
910 1427 991 1466 μοι
1014 1409 1194 1468 πρῶτος
1219 1407 1458 1470 ἐλεγχείην
1482 1407 1751 1469 καταθήσει.

419 1511 576 1571 Quis?
642 1511 718 1558 Tu
742 1515 848 1574 ipse
872 1510 1081 1568 scilicet,
1105 1511 1338 1559 laudator
1363 1519 1415 1559 et
1441 1512 1691 1559 factorum
1716 1521 1768 1560 et
1793 1517 1910 1560 scri-

419 1607 622 1662 ptorum
643 1614 888 1645 meorum.
957 1598 1102 1644 Hanc
1126 1614 1248 1662 ergo
1270 1598 1473 1662 plagam
1497 1598 1648 1662 effugi
1671 1615 1763 1662 per
1785 1600 1909 1647 duos

419 1688 700 1748 superiores
723 1684 1081 1731 Marcellorum
1099 1685 1404 1740 consulatus,
1423 1702 1537 1732 cum
1558 1693 1635 1732 est
1655 1693 1826 1733 actum
1846 1687 1909 1733 de

419 1774 670 1834 provincia
700 1770 945 1827 Caesaris,
976 1787 1107 1817 nunc
1137 1770 1301 1818 incido
1331 1775 1382 1817 in
1412 1771 1680 1819 discrimen
1712 1773 1909 1836 ipsum?

422 1858 601 1920 Itaque
640 1864 697 1903 ut
735 1857 919 1904 stultus
940 1857 958 1886 1
997 1860 1187 1920 primus
1226 1874 1368 1904 suam
1407 1862 1716 1905 sententiam
1755 1859 1908 1915 dicat,

420 1943 537 1990 mihi
564 1944 708 1990 valde
732 1944 899 2007 placet
922 1943 986 1991 de
1010 1943 1269 2006 triumpho
1294 1961 1380 1991 nos
1406 1944 1567 1992 moliri
1594 1945 1800 2008 aliquid,
1825 1962 1909 1992 ex-

420 2040 496 2077 tra
515 2031 694 2077 urbem
711 2047 820 2077 esse
837 2047 951 2077 cum
967 2033 1256 2077 iustissuma
1271 2047 1435 2077 causa.
1505 2031 1697 2078 Tamen
1713 2032 1908 2082 dabunt

419 2133 642 2179 operam,
673 2124 728 2163 ut
759 2116 962 2164 eliciant
990 2121 1299 2164 sententiam
1328 2133 1510 2164 meam.
1581 2117 1785 2166 Ridebis
1815 2118 1908 2168 hoc

421 2203 526 2250 loco
550 2203 778 2250 fortasse.
849 2203 1014 2262 Quam
1038 2203 1219 2250 vellem
1243 2207 1398 2250 etiam
1424 2220 1555 2250 nunc
1579 2208 1630 2250 in
1653 2209 1908 2268 provincia

420 2290 627 2336 morari!
697 2289 850 2336 Plane
883 2306 1006 2352 opus
1039 2289 1153 2346 fuit,
1184 2294 1223 2336 si
1258 2289 1351 2337 hoc
1383 2290 1726 2354 impendebat.
1798 2292 1904 2340 Etsi

421 2375 488 2420 nil
520 2378 760 2422 miserius.
832 2375 979 2432 Nam,
1004 2377 1111 2424 ὁδοῦ
1137 2377 1385 2440 πάρεργον,
1412 2376 1520 2423 volo
1550 2384 1604 2423 te
1637 2375 1730 2424 hoc
1761 2381 1904 2426 scire.

480 2480 495 2504 ¹
526 2479 610 2520 The
651 2480 819 2531 readinq
861 2479 951 2521 here
994 2481 1033 2521 is
1074 2481 1292 2521 debatable.
1351 2481 1577 2533 Sulpicius,
1624 2481 1778 2531 Hillus,
1823 2484 1908 2523 and

422 2533 530 2572 alius
545 2532 643 2574 have
659 2534 756 2574 been
771 2534 980 2585 suqqested
997 2534 1043 2573 in
1059 2535 1174 2586 place
1191 2536 1236 2587 os
1249 2534 1423 2576 stultus.

422 2610 450 2654 6
