1988 3008
688 200 971 248 MARCUS
1015 200 1316 248 TULLIUS
1361 200 1613 250 CICERO

404 336 654 385 constans,
675 328 766 375 sed
786 326 1047 375 demenS.”
1115 328 1175 374 In
1197 328 1378 375 eadem
1400 329 1617 391 epistula
1637 329 1734 377 alio
1754 329 1890 378 loco:

406 403 433 420 “
459 403 592 449 Nihil
607 403 907 466 relinquitur
924 405 1018 448 nisi
1034 401 1156 465 fuga
1171 417 1184 457 ;
1216 405 1295 448 cui
1311 409 1366 449 te
1382 405 1573 450 socium
1588 407 1887 467 neutiquam

404 485 527 540 puto
570 493 679 523 esse
720 483 957 538 oportere
997 491 1092 523 nec
1133 492 1374 538 umquam
1414 476 1642 539 putavi.’'
1706 477 1887 524 Totam

405 558 578 598 autem
604 550 732 596 hanc
760 549 1179 596 deliberationem
1207 549 1388 596 evolvis
1418 554 1700 598 accuratius
1729 555 1781 598 in
1807 552 1887 599 lit-

403 629 525 672 teris
561 641 653 671 vm
694 624 804 671 Kal.
835 623 990 670 Mart.
1019 623 1178 670 datis:
1226 623 1254 640 “
1278 622 1328 670 Si
1367 623 1461 671 Μ’.
1491 623 1714 687 Lepidus
1749 633 1803 672 et
1830 625 1887 673 L.

405 699 660 746 Volcacius
682 705 963 753 remanent,
981 697 1290 744 manendum
1313 704 1456 760 puto,
1475 701 1548 745 ita
1573 706 1648 755 ut,
1666 702 1708 746 si
1724 699 1888 747 salvus

402 777 468 820 sit
502 773 767 835 Pompeius
805 779 859 819 et
894 774 1182 818 constiterit
1218 772 1418 828 alicubi,
1439 771 1567 819 hanc
1602 774 1779 823 νέκυιαν
1812 791 1886 821 re-

403 847 596 909 linquas
641 854 695 894 et
738 853 792 893 te
836 849 887 892 in
922 849 1202 892 certamine
1238 850 1367 893 vinci
1410 863 1526 893 cum
1568 846 1652 894 illo
1696 847 1887 896 facilius

403 924 608 984 patiaris
632 938 784 984 quam
804 937 920 968 cum
941 919 1034 967 hoc
1054 923 1107 966 in
1128 936 1204 976 ea,
1226 937 1355 983 quae
1375 923 1681 983 perspicitur
1701 921 1889 978 futura,

402 995 610 1042 colluvie
645 993 913 1058 regnare.”
983 993 1152 1040 Multa
1187 993 1413 1056 disputas
1450 993 1566 1041 huic
1601 999 1888 1043 sententiae

401 1071 765 1115 convenientia.
835 1067 960 1114 Inde
992 1067 1057 1114 ad
1087 1074 1404 1114 extremum:
1453 1066 1481 1084 “
1505 1067 1657 1126 Quid,
1686 1067 1782 1124 si‚”
1813 1072 1886 1115 in-

403 1145 530 1203 quis,
550 1141 577 1158 “
599 1141 818 1203 Lepidus
840 1148 893 1187 et
914 1140 1170 1187 Volcacius
1191 1140 1492 1188 discedunt?
1541 1140 1694 1188 Plane
1714 1147 1885 1206 ἀπορῶ.

404 1214 551 1273 Quod
577 1218 803 1261 evenerit
827 1217 1000 1278 igitur,
1017 1221 1070 1261 et
1095 1213 1230 1276 quod
1255 1217 1438 1277 egeris,
1453 1214 1504 1260 id
1528 1217 1774 1279 στερκτέον
1797 1232 1886 1279 pu-

402 1287 575 1335 tabo.''
641 1287 691 1334 Si
729 1295 839 1335 turn
879 1288 1157 1343 dubitaras,
1195 1304 1327 1334 nunc
1364 1295 1507 1335 certe
1545 1305 1645 1336 non
1683 1289 1884 1337 dubitas

401 1365 507 1408 istis
522 1362 857 1409 manentibus.
910 1361 1109 1408 Deinde
1127 1364 1179 1407 in
1197 1364 1305 1424 ipsa
1323 1361 1445 1425 fuga
1458 1378 1489 1408 v
1506 1362 1617 1411 Kal.
1638 1363 1852 1412 Martias
1873 1382 1883 1412 z

403 1435 430 1451 “
457 1436 661 1482 Interea
684 1451 783 1482 non
806 1435 982 1482 dubito
1007 1438 1127 1498 quin
1150 1438 1202 1481 in
1225 1435 1491 1483 Formiano
1514 1453 1778 1484 mansurus
1802 1441 1883 1486 sis.

403 1509 814 1556 Commodissime
840 1511 974 1555 enim
997 1511 1050 1558 τὸ
1073 1510 1252 1571 μέλλον
1276 1509 1345 1555 ibi
1370 1511 1752 1574 καραδοκήσεις.”
1802 1513 1885 1560 Ad

406 1584 468 1630 K.
496 1583 670 1639 Mart„
691 1599 807 1629 cum
828 1582 910 1629 ille
934 1586 1167 1645 quintum
1188 1587 1289 1629 iam
1310 1583 1447 1630 diem
1468 1583 1701 1632 Brundisi
1723 1594 1885 1634 esset:

403 1658 583 1704 “Tum
612 1661 889 1720 poterimus
921 1656 1205 1704 deliberare
1235 1674 1335 1704 non
1364 1658 1555 1704 scilicet
1585 1662 1786 1724 integra
1813 1677 1885 1717 re,

401 1732 491 1778 sed
515 1737 655 1778 certe
678 1733 840 1776 minus
865 1729 1100 1787 infracta,
1115 1746 1268 1794 quam
1290 1733 1332 1777 si
1354 1747 1456 1777 una
1481 1735 1752 1794 proieceris
1777 1734 1868 1782 te.'

403 1804 602 1851 Deinde
628 1819 707 1850 1111
734 1803 861 1851 Non.
886 1803 1158 1860 Martias,
1137 1806 1225 1853 υπὸ
1248 1806 1333 1868 τὴν
1355 1809 1498 1869 λῆψιν
1522 1822 1637 1852 cum
1659 1806 1884 1856 breviter

398 1879 661 1933 scriberes,
685 1884 861 1924 tamen
885 1880 1027 1940 ponis
1054 1876 1175 1924 hoc:
1220 1877 1248 1894 ‘⁶
1272 1877 1394 1925 Cras
1420 1879 1637 1925 scribam
1660 1880 1805 1943 plura
1831 1889 1883 1929 et

401 1951 465 1997 ad
490 1954 684 2006 omnia3
726 1949 818 1997 hoc
842 1958 1017 1998 tamen
1041 1951 1223 2008 dicam,
1248 1969 1348 1999 non
1372 1956 1637 2014 paenitere
1661 1970 1744 2001 me
1768 1972 1878 2002 con-

399 2026 493 2071 silii
516 2025 580 2072 de
602 2032 692 2071 tua
715 2029 990 2081 mansione,
1014 2032 1085 2081 et,
1109 2042 1416 2089 quamquam
1438 2042 1624 2090 magna
1646 2027 1881 2076 sollicitu-

400 2098 535 2153 dine,
561 2105 752 2153 tamen,
780 2102 896 2160 quia
922 2101 1084 2145 minus
1112 2099 1228 2144 mali
1255 2106 1379 2161 puto
1407 2115 1517 2146 esse
1544 2116 1696 2162 quam
1723 2104 1774 2147 in
1800 2102 1882 2149 illa

399 2172 729 2234 profectione,
760 2188 939 2219 maneo
972 2176 1021 2218 in
1050 2176 1307 2219 sententia
1339 2180 1393 2219 et
1423 2172 1622 2236 gaudeo
1654 2181 1708 2221 te
1739 2191 1881 2222 man-

398 2244 572 2293 sisse.'’
638 2245 766 2292 Cum
786 2262 904 2292 vero
924 2249 1025 2292 iam
1044 2262 1262 2309 angerer
1282 2253 1336 2293 et
1354 2249 1609 2303 timerem,
1629 2263 1692 2294 ne
1713 2249 1833 2310 quid
1853 2266 1882 2297 a

399 2335 481 2365 me
530 2318 788 2365 dedecoris
839 2326 973 2366 esset
1022 2319 1313 2376 admissum,
1363 2335 1420 2365 111
1472 2319 1639 2366 Nonas
1693 2321 1881 2370 Mart.:

400 2392 426 2407 “
450 2391 641 2438 Tamen
679 2398 732 2438 te
772 2409 870 2438 non
910 2409 1019 2439 esse
1059 2409 1157 2438 una
1194 2409 1309 2439 cum
1350 2392 1591 2455 Pompeio
1631 2410 1730 2441 non
1770 2394 1880 2443 fero

398 2465 624 2511 moleste.
694 2464 893 2521 Postea,
918 2469 956 2512 si
985 2482 1106 2529 opus
1135 2465 1307 2523 fuerit,
1334 2483 1432 2512 non
1460 2470 1558 2514 erit
1585 2467 1800 2524 difficile,
1827 2476 1880 2516 et

397 2601 482 2646 232
