2034 3008
82 1032 179 1079 Ser.
206 1030 253 1078 in
277 1030 321 1076 F
319 1046 390 1077 or-

706 231 988 279 MARCUS
1032 229 1332 278 TULLIUS
1378 229 1628 277 CICERO

427 362 692 409 fecerimus
718 368 806 407 aut
832 360 1224 423 deposuerimus.
1295 358 1426 405 Cura
1450 361 1620 421 igitur,
1647 364 1704 404 ut
1729 357 1910 405 valeas.

429 438 712 501 Aliquando
735 436 983 501 ἀπότριψαι
999 443 1298 500 quartanam
1321 438 1471 482 istam
1487 434 1766 499 diligentia,
1784 450 1913 498 quae

426 518 479 562 in
499 522 553 562 te
576 531 770 562 summa
792 520 884 560 est.

1134 851 1206 898 VI

914 955 1088 985 CICERO
1123 954 1296 984 ATTICO
1331 953 1428 984 SAL.

495 1025 648 1074 Plane
675 1026 837 1082 deest,
864 1026 999 1089 quod
1027 1025 1092 1071 ad
1118 1032 1171 1071 te
1197 1026 1440 1079 scribam3
1482 1030 1604 1071 nota
1631 1025 1798 1070 omnia
1825 1023 1916 1069 tibi

82 1098 235 1145 miano
259 1096 386 1143 XIV
433 1111 576 1159 sunt3
612 1121 705 1151 nec
722 1107 828 1166 ipse
846 1102 1027 1158 habeo,
1045 1119 1075 1149 a
1091 1109 1145 1148 te
1164 1101 1300 1165 quod
1318 1107 1627 1164 exspectem.
1694 1100 1916 1146 Tantum

82 1164 144 1211 K.
170 1165 293 1218 Ian„
317 1170 364 1209 ut

82 1230 272 1286 videtur,
297 1246 341 1276 a.

84 1297 178 1346 704

434 1185 586 1245 igitur
614 1187 841 1227 nostrum
868 1179 991 1226 illud
1019 1178 1258 1225 sollemne
1288 1194 1560 1233 servemus,
1587 1184 1646 1224 ut
1673 1193 1738 1224 ne
1767 1182 1920 1240 quem

434 1262 560 1305 istuc
583 1264 791 1305 euntem
811 1260 917 1303 sine
938 1256 1120 1303 litteris
1141 1255 1486 1302 dimittamus.r
1543 1254 1623 1301 De
1644 1270 1699 1301 re
1719 1253 1922 1318 publica

435 1335 578 1382 valde
597 1338 772 1390 timeo,
792 1350 885 1380 nec
905 1332 1067 1379 adhuc
1086 1332 1193 1379 fere
1212 1334 1398 1388 inveni,
1418 1334 1503 1395 qui
1523 1348 1624 1378 non
1641 1330 1919 1378 conceden-

433 1414 554 1460 dum
584 1418 790 1475 putaret
822 1410 1041 1466 Caesari,
1073 1409 1209 1473 quod
1239 1409 1537 1472 postularet,
1568 1411 1736 1471 potius
1767 1424 1920 1471 quam

432 1489 841 1553 depugnandum.
910 1487 1003 1534 Est
1025 1487 1110 1533 illa
1126 1486 1331 1550 quidem
1346 1485 1613 1549 impudens
1629 1484 1920 1548 postulatio,

432 1570 664 1630 opinione
695 1565 953 1612 valentior.
1023 1563 1123 1610 Cur
1153 1570 1327 1610 autem
1357 1579 1489 1609 nunc
1519 1564 1737 1625 primum
1768 1563 1814 1609 ei
1843 1577 1920 1608 re—

433 1647 664 1690 sistamus
680 1643 698 1687 ?

752 1731 822 1776 Οὗ
845 1729 934 1792 γὰρ
959 1728 1014 1790 δὴ
1037 1728 1142 1775 τόδε
1164 1730 1321 1790 μεῖζον
1348 1727 1420 1774 ἔπι
1446 1728 1599 1784 κακόν,

438 1865 590 1912 quam
611 1864 725 1894 cum
747 1848 1145 1909 quinquennium
1166 1845 1577 1908 prorogabamus,
1601 1850 1689 1890 aut
1711 1860 1842 1899 cum,
1865 1850 1922 1890 ut

439 1927 660 1971 absentis
691 1926 819 1970 ratio
850 1922 1142 1978 haberetur,
1173 1921 1478 1977 ferebamus,
1510 1923 1600 1967 nisi
1634 1919 1765 1967 forte
1798 1920 1924 1967 haec

437 2002 505 2048 illi
545 2009 655 2048 tum
693 2017 832 2046 arma
870 1998 1117 2055 dedimus,
1157 2006 1214 2045 ut
1252 2014 1384 2044 nunc
1422 2014 1537 2044 cum
1574 1998 1706 2044 bene
1745 2003 1924 2060 parato

439 2094 792 2142 pugnaremus.
862 2077 1012 2123 Dices
1030 2092 1041 2122 ε
1077 2074 1104 2091 “
1130 2075 1266 2134 Quid
1282 2082 1340 2121 tu
1357 2077 1512 2138 igitur
1530 2090 1763 2120 sensurus
1781 2074 1869 2120 es?
1894 2071 1922 2088 ''

440 2155 553 2201 Non
579 2154 714 2200 idem
743 2153 877 2216 quod
905 2153 1157 2207 dicturus3
1204 2154 1421 2198 sentiam
1449 2153 1583 2197 enim
1611 2153 1778 2197 omnia
1805 2149 1924 2196 faci-

440 2231 586 2287 enda,
601 2247 665 2276 ne
681 2233 830 2276 armis
845 2229 1154 2284 decertetur,
1169 2229 1336 2275 dicam
1349 2227 1487 2274 idem
1501 2226 1637 2290 quod
1653 2225 1921 2290 Pompeius

440 2324 604 2370 neque
655 2307 706 2352 id
756 2305 937 2352 faciam
987 2304 1160 2351 humili
1213 2308 1393 2351 animo.
1463 2303 1563 2350 Sed
1613 2320 1780 2350 rursus
1830 2302 1925 2349 hoc

441 2400 771 2446 permagnum
791 2385 863 2429 rei
883 2382 1115 2445 publicae
1136 2381 1324 2427 malum
1346 2388 1441 2436 est,
1463 2388 1516 2427 et
1536 2380 1755 2443 quodam
1775 2379 1924 2426 modo

440 2459 558 2505 mihi
590 2466 792 2522 praeter
820 2465 1014 2504 ceteros
1044 2475 1144 2504 non
1172 2464 1369 2505 rectum
1398 2474 1479 2504 me
1509 2460 1561 2503 in
1589 2459 1745 2503 tantis
1775 2457 1924 2503 rebus

441 2552 471 2582 a
496 2534 734 2599 Pompeio
759 2535 1012 2582 dissidere.

441 2623 499 2683 36
