1988 3008
711 259 995 307 MARCUS
1039 260 1340 308 TULLIUS
1385 261 1638 310 CICERO

427 404 559 444 vem,
589 404 742 451 quam
772 403 852 433 1111
889 387 1058 434 Nonas
1094 390 1181 436 ὑπὸ
1216 391 1300 450 τὴν
1334 392 1478 452 λῆψιν
1514 389 1717 447 dedisti,
1745 393 1918 439 rescri«

426 463 652 509 bendum
674 464 863 524 putavi.
923 462 1158 509 Gaudere
1183 466 1254 510 ais
1277 470 1330 509 te
1354 466 1596 510 mansisse
1619 480 1702 511 me
1726 471 1780 511 et
1802 468 1918 512 scri-

427 537 504 582 bis
525 539 577 582 in
599 538 855 583 sententia
875 542 930 582 te
951 552 1173 583 manere.
1232 535 1361 582 Mihi
1385 544 1558 584 autem
1580 539 1917 600 superioribus

427 609 611 656 litteris
633 609 870 656 videbare
893 625 994 655 non
1016 609 1268 666 dubitare,
1291 613 1412 674 quin
1433 611 1670 658 cederem
1690 614 1781 668 ita,
1803 615 1843 658 si
1866 619 1920 659 et

430 682 634 729 Gnaeus
674 683 806 729 bene
848 685 1118 729 comitatus
1159 683 1550 740 conscendisset,
1592 691 1646 732 et
1687 685 1916 732 consules

427 759 741 803 transissent.
810 756 999 803 Utrum
1022 755 1116 803 hoc
1139 763 1198 803 tu
1221 774 1400 820 parum
1424 761 1830 815 commeministi,
1855 776 1920 806 an

428 847 524 893 ego
549 846 650 876 non
675 832 795 876 satis
819 830 1065 886 intellexi,
1091 847 1155 876 an
1179 833 1390 878 mutasti
1415 832 1761 879 sententiam?
1819 831 1921 879 Sed

428 910 517 949 aut
559 919 622 949 ex
665 902 897 966 epistula,
940 920 1093 966 quam
1135 911 1393 967 exspecto,
1435 908 1755 967 perspiciam,
1798 906 1922 968 quid

429 980 634 1032 sentias,
667 984 756 1023 aut
789 977 909 1023 alias
942 978 1030 1023 abs
1063 984 1116 1024 te
1148 978 1345 1025 litteras
1379 978 1590 1024 eliciam.
1657 978 1920 1026 Brundisio

429 1050 673 1098 nihildum
698 1058 808 1097 erat
832 1051 1056 1098 allatum.

1132 1235 1216 1281 IIa

915 1347 1089 1378 elcmzo
1125 1347 1297 1377 ATTICO
1333 1347 1430 1378 SAL.

77 1434 173 1481 Ser.
198 1434 244 1481 in
493 1429 541 1480 O⁴
571 1445 678 1476 rem
712 1428 963 1476 difficilem
994 1428 1246 1491 planeque
1279 1428 1559 1492 perditam!
1612 1445 1764 1492 quam
1797 1427 1921 1475 nihil

78 1501 322 1547 For-miano
429 1505 795 1566 praetermittis
826 1505 877 1548 in
908 1501 1111 1548 consilio
1143 1501 1339 1556 dando3
1389 1519 1541 1565 quam
1572 1501 1695 1548 nihil
1724 1509 1919 1558 tamen,

85 1567 212 1613 VIII
230 1567 301 1614 Id·
431 1577 567 1640 quod
598 1577 692 1624 tibi
724 1579 818 1639 ipsi
850 1575 1068 1639 placeat,
1102 1575 1349 1638 explicas!
1417 1575 1531 1622 Non
1563 1592 1674 1623 esse
1705 1592 1788 1623 me
1821 1592 1922 1622 una

80 1633 226 1680 ‘wan-
247 1652 290 1681 a·
315 1636 407 1684 705
431 1669 546 1698 cum
570 1650 809 1714 Pompeio
831 1649 1023 1714 gaudes
1047 1666 1104 1695 ac
1127 1652 1379 1713 proponiS,
1402 1665 1555 1712 quam
1577 1651 1643 1696 sit
1664 1656 1815 1713 turpe
1838 1666 1920 1696 me

432 1725 626 1781 adesse,
670 1741 785 1771 cum
830 1723 952 1786 quid
995 1723 1059 1770 de
1103 1723 1187 1770 illo
1232 1721 1560 1778 detrahatur;
1621 1722 1764 1771 nefas
1810 1740 1918 1770 esse

431 1799 725 1863 approbare.
795 1797 975 1852 Certe3
1035 1803 1212 1844 contra
1253 1797 1444 1860 igitur?
1521 1795 1548 1813 “
1574 1795 1695 1853 Di,”
1737 1799 1921 1860 inquis,

434 1872 462 1890 “
486 1871 845 1919 averruncent!
872 1869 900 1886 '⁹
963 1870 1099 1929 Quid
1129 1887 1250 1934 ergo
1281 1870 1387 1926 fiet,
1418 1873 1458 1917 si
1487 1872 1540 1916 in
1570 1870 1730 1917 altero
1760 1870 1920 1917 scelus

431 1954 525 2002 est,
549 1949 599 1991 in
624 1945 782 1992 altero
807 1943 1140 2008 supplicium?
1197 1943 1224 1959 ‘⁴
1251 1942 1608 2006 Impetrabis,’'
1631 1946 1814 2006 inquis,
1839 1943 1866 1961 ‘⁶
1892 1961 1922 1990 a

430 2020 661 2075 Caesare,
683 2026 740 2065 ut
760 2019 854 2066 tibi
877 2019 1051 2065 abesse
1072 2018 1224 2064 liceat
1246 2025 1299 2064 et
1321 2034 1430 2064 esse
1453 2016 1666 2064 otioso.'’
1721 2017 1920 2081 Suppli-

429 2094 646 2141 candum
670 2093 858 2157 igitur?
919 2092 1180 2139 Miserum.
1242 2091 1394 2150 Quid,
1420 2094 1460 2138 si
1485 2108 1586 2138 non
1611 2091 1920 2154 impetraro?

438 2168 464 2184 “
488 2169 556 2215 Et
584 2168 647 2214 de
675 2166 932 2230 triumpho
961 2164 1109 2222 erit,’'
1138 2168 1319 2228 inquis,
1349 2164 1375 2180 ‘⁴
1400 2163 1708 2228 integrum.”
1769 2164 1919 2224 Quid,

431 2245 467 2288 si
496 2241 589 2288 hoc
616 2244 722 2304 ipso
749 2241 982 2304 premar?
1028 2240 1306 2303 accipiam?
1367 2238 1503 2297 Quid
1529 2238 1761 2285 foedius?
1822 2238 1920 2286 Ne·
1987 2243 1988 2268 ³

429 2315 581 2379 gem?
642 2314 915 2377 Repudiari
945 2330 998 2360 se
1028 2320 1214 2369 totum,
1242 2314 1404 2375 magis
1435 2314 1591 2358 etiam
1621 2328 1773 2375 quam
1802 2311 1920 2358 olim

435 2392 484 2434 in
507 2404 568 2434 xx
590 2390 771 2444 viratu,
792 2388 1010 2451 putabit.
1067 2387 1141 2433 Ac
1164 2386 1308 2442 solet,
1330 2403 1445 2432 cum
1466 2402 1520 2432 se
1541 2392 1744 2450 purgat,
1765 2388 1817 2432 in
1838 2402 1920 2433 me

486 2527 501 2551 ¹
530 2526 620 2566 The
655 2526 887 2577 viqintiviri
919 2526 985 2566 for
1017 2526 1093 2566 the
1125 2524 1406 2565 distribution
1440 2523 1485 2564 of
1517 2524 1784 2576 Campanian
1821 2523 1919 2564 land

429 2581 471 2619 in
493 2582 545 2620 59
568 2592 650 2620 13.c.
708 2580 771 2620 Of.
795 2592 842 2629 11,
867 2581 930 2620 19.

435 2660 520 2704 180
