1988 3008
90 598 185 645 Ser.
208 598 254 645 in

95 664 261 712 Caleno

92 730 200 778 XII
217 730 278 778 K.

93 797 239 845 Mart.
265 814 308 844 a.

91 866 182 915 705

714 226 995 276 MARCUS
1039 224 1339 274 TULLIUS
1385 223 1636 272 CICERO

1135 395 1213 442 III

918 509 1091 540 CICERO
1126 508 1298 539 ATTICO
1333 507 1430 539 SAL.

504 593 741 640 Maximis
788 598 841 638 et
886 592 1172 637 miserrimis
1219 590 1368 635 rebus
1415 589 1760 651 perturbatus,
1805 604 1919 635 cum

439 677 604 707 coram
627 667 797 706 tecum
819 657 939 704 mihi
963 663 1188 721 potestas
1213 655 1522 703 deliberandi
1549 672 1647 701 non
1669 661 1821 711 esset,
1843 657 1918 701 uti

439 735 611 774 tamen
643 733 732 773 tuo
763 724 966 772 consilio
1000 723 1145 771 volui.
1211 722 1524 770 Deliberatio
1557 729 1730 769 autem
1761 723 1920 768 omnis

440 794 563 840 11366
585 800 679 849 est,
699 795 737 839 si
760 791 1026 855 Pompeius
1048 790 1196 837 Italia
1217 790 1449 846 excedat,
1470 789 1606 852 quod
1625 805 1740 836 eum
1759 788 1920 835 factu-

439 877 550 907 rum
588 876 696 906 esse
735 862 972 922 suspicor,
1011 857 1132 920 quid
1169 855 1290 903 mihi
1329 856 1583 920 agendum
1620 862 1784 919 putes.
1851 854 1920 902 Et

440 944 539 991 quo
567 926 759 973 facilius
787 925 1046 972 consilium
1074 924 1194 971 dare
1222 926 1396 986 possis,
1425 923 1546 986 quid
1573 926 1624 969 in
1652 929 1919 986 utramque

438 1000 637 1058 partem
659 992 778 1039 mihi
802 995 853 1038 in
875 998 1102 1038 mentem
1123 993 1312 1046 veniat,
1335 990 1598 1053 explicabo
1619 990 1774 1036 brevi.

502 1060 629 1107 Cum
660 1062 842 1106 merita
874 1057 1080 1121 Pompei
1113 1074 1307 1104 summa
1339 1074 1460 1121 erga
1491 1056 1705 1104 salutem
1736 1072 1920 1111 meam,

438 1126 870 1189 familiaritasque,
900 1141 1030 1188 quae
1061 1123 1181 1171 mihi
1212 1141 1326 1171 cum
1357 1141 1417 1171 6ο
1449 1131 1543 1181 est,
1573 1131 1683 1186 tum
1713 1125 1821 1186 ipsa
1849 1124 1920 1168 rei

438 1193 668 1256 publicae
708 1209 859 1239 causa
898 1208 980 1238 me
1022 1191 1244 1247 adducit,
1286 1197 1343 1237 ut
1382 1189 1501 1237 mihi
1545 1190 1623 1237 vel
1662 1189 1920 1236 consilium

436 1277 605 1307 meum
635 1277 748 1306 cum
777 1259 905 1306 illius
934 1258 1137 1306 consilio
1167 1257 1245 1305 vel
1274 1256 1477 1304 fortuna
1506 1273 1620 1304 mea
1648 1273 1763 1303 cum
1789 1256 1919 1303 illius

437 1326 639 1374 fortuna
677 1326 1028 1390 coniungenda
1067 1341 1176 1372 esse
1216 1324 1460 1371 videatur.
1530 1324 1743 1371 Accedit
1781 1322 1916 1370 illud.

438 1393 487 1440 Si
523 1409 703 1440 maneo
738 1400 791 1440 et
823 1393 964 1439 illum
998 1395 1295 1438 comitatum
1330 1395 1634 1454 optimorum
1669 1398 1721 1437 et
1755 1389 1920 1437 claris·

440 1464 676 1507 simorum
726 1462 910 1507 civium
961 1459 1156 1515 desero,
1207 1458 1491 1505 cadendum
1544 1465 1621 1504 est
1672 1461 1723 1504 in
1775 1459 1920 1504 unius

438 1534 763 1590 potestatem.
833 1525 931 1584 Qui
956 1529 1048 1572 etsi
1072 1525 1243 1572 multis
1264 1525 1413 1572 rebus
1436 1524 1684 1588 significat
1705 1540 1758 1572 se
1780 1525 1921 1571 nobis

440 1610 548 1640 esse
569 1596 784 1640 amicum
804 1593 895 1655 (et,
914 1600 970 1639 ut
998 1599 1149 1648 esset,
1168 1609 1197 1638 a
1214 1608 1296 1638 me
1322 1599 1417 1647 est,
1442 1599 1555 1638 tute
1581 1594 1692 1647 sciS‚
1717 1597 1923 1654 propter

440 1663 772 1724 suspicionem
817 1658 962 1706 huius
1009 1658 1348 1722 impendentis
1394 1661 1716 1722 tempestatis
1761 1657 1922 1718 multo

441 1734 561 1774 ante
583 1728 871 1790 provisum),
895 1734 1068 1773 tamen
1091 1733 1362 1789 utrumque
1385 1724 1802 1772 considerandum
1825 1731 1919 1780 est,

443 1800 495 1840 et
533 1800 724 1857 quanta
760 1793 883 1840 fides
921 1795 966 1839 ei
1004 1796 1069 1839 sit
1104 1791 1356 1849 habenda,
1395 1799 1465 1849 et,
1502 1795 1540 1839 si
1579 1795 1797 1839 maxime
1835 1808 1919 1838 ex-

442 1860 692 1923 ploratum
717 1863 781 1907 sit
808 1876 923 1906 eum
950 1861 1091 1907 nobis
1118 1862 1333 1907 amicum
1358 1858 1482 1915 fore,
1508 1863 1639 1905 sitne
1666 1861 1754 1905 viri
1779 1857 1921 1905 fortis

443 1934 496 1973 et
530 1928 647 1973 boni
683 1930 800 1973 civis
838 1943 946 1973 esse
982 1929 1033 1972 in
1069 1942 1130 1973 ea
1165 1926 1306 1982 urbe,
1343 1928 1393 1971 in
1429 1943 1530 1989 qua
1565 1942 1677 1972 cum
1714 1927 1921 1972 summis

441 1992 708 2040 honoribus
733 1996 1052 2056 imperiisque
1078 2009 1193 2040 usus
1217 1995 1299 2048 sit,
1323 2009 1400 2039 res
1425 1995 1668 2039 maximas
1691 1995 1921 2056 gesserit,

443 2060 721 2107 sacerdotio
751 2064 815 2106 sit
846 2059 1148 2123 amplissimo
1178 2059 1453 2123 praeditUS‚
1483 2076 1583 2106 non
1613 2058 1810 2106 futurus
1840 2061 1921 2114 sit,

443 2130 526 2189 qui
561 2126 728 2183 fuerit,
759 2127 1177 2190 subeundumque
1210 2126 1484 2189 periculum
1517 2129 1581 2173 sit
1611 2142 1725 2172 cum
1757 2125 1922 2188 aliquo

443 2193 573 2240 forte
609 2193 873 2249 dedecore,
910 2197 947 2240 si
986 2193 1187 2257 quando
1225 2191 1490 2256 Pompeius
1527 2209 1632 2239 rem
1668 2191 1920 2256 publicam

443 2263 763 2322 recuperarit.
834 2260 893 2322 In
918 2259 1010 2306 hac
1037 2267 1180 2323 parte
1205 2259 1331 2306 haec
1355 2266 1487 2306 sunt.

505 2326 632 2373 Vide
667 2343 814 2382 nunc,
848 2343 977 2389 quae
1012 2329 1112 2373 sint
1144 2329 1193 2372 in
1229 2326 1402 2373 altera.
1472 2324 1605 2372 Nihil
1639 2332 1809 2372 actum
1844 2332 1921 2372 est

443 2409 472 2438 a
494 2391 731 2456 Pompeio
751 2400 921 2439 nostro
942 2396 1213 2456 sapienter,
1235 2392 1354 2439 nihil
1375 2392 1591 2447 fortiter,
1613 2392 1744 2439 addo
1766 2394 1921 2439 etiam

443 2458 562 2505 nihil
603 2462 694 2506 nisi
732 2466 906 2506 contra
944 2460 1201 2506 consilium
1241 2463 1698 2522 auctoritatemque
1739 2474 1917 2505 meam.

443 2525 639 2572 Omitto
668 2525 749 2571 illa
780 2534 968 2582 vetera,
999 2527 1132 2590 quod
1162 2530 1314 2573 istum
1342 2530 1391 2573 in
1421 2542 1527 2572 rem
1557 2525 1808 2590 publicam
1838 2525 1919 2572 ille

445 2645 530 2690 106
