1988 3008
702 154 986 202 MARCUS
1030 155 1332 204 TULLIUS
1378 157 1630 206 CICERO

418 282 552 337 dam,
591 282 726 345 quod
762 283 990 346 profecto
1026 291 1212 347 potest.
1283 285 1395 332 Non
1433 289 1567 332 enim
1602 290 1720 344 iam,
1757 305 1908 351 quam

417 362 741 425 dignitatem,
767 380 890 426 quos
919 362 1151 420 honores,
1177 381 1329 427 quem
1354 368 1489 412 vitae
1515 373 1707 414 statum
1732 371 1909 415 amise-

417 445 528 498 rim,
554 446 740 506 cogito,
767 443 858 490 sed
884 444 1005 506 quid
1031 452 1329 492 consecutus
1357 448 1467 502 sim,
1494 447 1616 509 quid
1639 451 1908 510 praestite-

417 524 528 578 rim,
556 539 657 585 qua
681 525 733 568 in
759 522 909 570 laude
937 527 1164 581 vixerim,
1190 524 1265 572 his
1293 525 1512 589 denique
1538 529 1591 573 in
1616 527 1759 574 malis
1787 528 1908 591 quid

418 605 617 649 intersit
644 605 778 650 inter
804 619 887 650 me
916 611 969 651 et
995 607 1136 661 istos,
1165 622 1289 668 quos
1315 613 1524 669 propter
1550 610 1718 654 omnia
1745 610 1908 654 amisi-

417 699 542 729 mus.
613 683 679 729 Hi
727 691 862 740 sunt,
909 687 1012 747 qui,
1059 687 1151 731 nisi
1197 702 1279 732 me
1325 689 1532 733 civitate
1579 687 1907 751 expulissent,

418 763 648 809 obtinere
674 780 727 810 se
753 780 854 810 non
877 771 1187 827 putaverunt
1211 782 1357 829 posse
1380 766 1639 813 licentiam
1662 768 1908 831 cupidita-

417 850 527 889 tum
562 860 779 891 suarum.
849 843 1076 903 Quorum
1109 848 1365 893 societatis
1399 853 1453 894 et
1485 847 1761 895 sceleratae
1793 864 1906 895 con-

417 926 658 970 sensionis
684 924 807 971 fides
834 941 933 988 quo
958 928 1199 989 eruperit,
1224 926 1376 973 vides.

480 1003 627 1050 Alter
657 1004 803 1051 ardet
827 1004 995 1052 furore
1027 1012 1081 1053 et
1111 1005 1317 1062 scelere,
1342 1023 1436 1054 nec
1459 1010 1678 1055 remittit
1698 1008 1902 1072 aliquid,

417 1084 506 1131 sed
524 1087 575 1130 in
594 1084 701 1131 dies
720 1088 1023 1149 ingravescit
1040 1101 1051 1140 ;
1088 1086 1238 1133 modo
1259 1086 1408 1133 Italia
1427 1088 1640 1151 expulit,
1659 1105 1791 1135 nunc
1811 1088 1906 1135 alia

417 1181 479 1210 ex
495 1172 640 1227 parte
655 1169 908 1229 persequi,
924 1182 987 1212 ex
1003 1165 1100 1213 alia
1113 1169 1367 1229 provincia
1382 1167 1661 1230 exspoliare
1677 1176 1903 1224 conatur,

417 1261 508 1291 nec
527 1248 628 1291 iam
646 1253 864 1302 recusat,
883 1246 973 1293 sed
992 1246 1211 1310 quodam
1230 1247 1379 1294 modo
1398 1247 1640 1311 postulat,
1659 1256 1734 1304 ut,
1754 1265 1903 1312 quem

416 1325 481 1371 ad
500 1325 707 1372 modum
728 1333 823 1382 est,
843 1329 911 1373 sic
933 1329 1087 1373 etiam
1109 1327 1393 1390 appelletur
1411 1334 1671 1392 tyrannus.
1742 1329 1902 1376 Alter.

415 1408 454 1451 is
481 1409 565 1468 qui
592 1422 680 1452 nos
706 1407 797 1453 sibi
825 1407 1079 1470 quondam
1106 1407 1171 1454 ad
1194 1407 1351 1471 pedes
1376 1414 1561 1454 stratos
1587 1425 1651 1454 ne
1676 1409 1898 1456 subleva-

415 1486 504 1532 bat
544 1485 767 1548 quidem,
809 1489 891 1550 qui
934 1503 987 1533 se
1027 1486 1147 1533 nihil
1189 1494 1366 1534 contra
1403 1486 1550 1534 huius
1590 1488 1902 1535 voluntatem

415 1565 580 1612 facere
602 1582 765 1629 posse,
788 1566 985 1630 elapsus
1007 1583 1035 1614 e
1056 1571 1213 1613 soceri
1234 1568 1465 1614 manibus
1487 1585 1544 1614 ac
1565 1567 1696 1614 ferro
1716 1569 1902 1616 bellum

414 1652 550 1691 terra
586 1653 639 1692 et
674 1649 800 1692 mari
835 1654 1113 1710 comparat,
1148 1664 1249 1693 non
1283 1650 1526 1694 iniustum
1561 1647 1643 1694 ille
1680 1648 1902 1712 quidem,

414 1726 503 1771 sed
538 1742 653 1772 cum
687 1729 828 1789 pium
863 1734 974 1773 tum
1011 1730 1167 1774 etiam
1204 1730 1558 1785 necessarium,
1594 1731 1694 1775 suis
1730 1735 1904 1775 tamen

412 1807 601 1852 civibus
637 1806 913 1862 exitiabile,
949 1810 1038 1853 nisi
1075 1810 1269 1864 vicerit,
1303 1807 1670 1864 calamitosum,
1705 1811 1899 1855 etiamsi

415 1889 602 1932 vicerit.
673 1886 868 1933 Horum
912 1904 1007 1951 ego
1050 1904 1358 1934 summorum
1399 1891 1760 1951 imperatorum
1804 1906 1901 1935 non

413 1966 560 2012 modo
583 1982 660 2012 res
683 1974 853 2030 gestas
876 1983 975 2014 non
999 1974 1252 2030 antepono
1274 1971 1415 2022 meis,
1440 1967 1529 2015 sed
1551 1984 1614 2014 ne
1637 1967 1890 2015 fortunam

412 2045 616 2108 quidem
660 2049 845 2110 ipsam;
909 2064 1010 2111 qua
1049 2046 1116 2093 illi
1159 2046 1526 2103 florentissima,
1571 2065 1657 2094 nos
1699 2048 1896 2095 duriore

411 2125 682 2172 conflictati
721 2126 961 2174 videmur.
1031 2126 1154 2185 Quis
1190 2130 1324 2174 enim
1361 2134 1529 2190 potest
1564 2134 1651 2174 aut
1687 2127 1890 2175 deserta

413 2222 500 2268 per
537 2222 589 2252 se
625 2210 790 2269 patria
825 2213 914 2253 aut
950 2222 1186 2270 oppressa
1222 2207 1402 2254 beatus
1433 2207 1577 2254 esse?
1645 2207 1728 2263 Et,
1756 2211 1813 2263 si,
1842 2215 1896 2255 ut

412 2302 499 2332 nos
524 2302 552 2331 a
575 2292 628 2332 te
654 2285 997 2341 admonemur,
1020 2293 1160 2333 recte
1183 2290 1235 2332 in
1258 2286 1351 2333 illis
1375 2286 1510 2333 libris
1535 2286 1750 2333 diximus
1774 2286 1894 2333 nihil

412 2381 519 2411 esse
554 2367 756 2420 bonum,
793 2368 882 2412 nisi
917 2366 1050 2430 quod
1084 2366 1369 2423 honestum,
1403 2365 1523 2412 nihil
1557 2365 1762 2423 malum,
1797 2370 1886 2414 nisi

409 2550 495 2594 282
