1988 3008
46 1922 142 1970 Ser.
190 1921 375 1969 Calibus

46 2008 89 2037 a.
124 1989 168 2035 d.
211 1988 281 2036 VI
311 1988 371 2035 K.

45 2056 177 2102 Febr.
203 2073 246 2103 a.

48 2125 139 2173 705

670 245 954 293 MARCUS
997 245 1298 294 TULLIUS
1343 246 1593 295 CICERO

390 377 481 422 nisi
515 375 645 422 forte
681 392 780 422 non
813 375 973 432 dedit,
1008 382 1061 422 et
1093 374 1174 422 hic
1208 392 1436 424 sermone
1471 377 1637 441 aliquo
1671 385 1871 442 arrepto

388 466 477 513 pro
508 449 758 496 mandatis
789 450 972 496 abusus
1003 457 1096 497 est.

455 523 724 580 Labienus,
743 527 816 570 vir
833 541 949 571 mea
967 528 1222 571 sententia
1240 541 1470 589 magnus,
1487 526 1715 573 Teanum
1734 530 1872 574 venit

391 615 435 644 a.
460 598 508 644 d.
532 613 644 644 vnn
672 598 782 645 Kal.
853 598 929 645 Ibi
954 597 1249 662 Pompeium
1270 600 1598 664 consulesque
1620 604 1870 649 convenit.

392 672 489 731 Qui
522 689 684 719 sermo
714 672 884 730 fuerit,
916 680 970 720 et
1000 674 1121 737 quid
1151 681 1321 721 actum
1352 678 1434 731 sit,
1464 676 1678 722 scribam
1709 675 1774 722 ad
1803 682 1874 732 te,

391 765 505 794 cum
525 755 719 794 certum
741 750 909 795 sciam.
979 746 1246 812 Pompeius
1267 765 1296 795 a
1315 749 1486 796 Teano
1508 749 1746 797 Larinum
1769 766 1876 797 ver-

392 840 473 870 sus
494 822 750 886 profectus
773 829 850 869 est
872 839 915 869 a.
939 822 986 870 d.
1009 838 1102 869 vm
1128 822 1238 870 Kal.
1307 823 1382 870 Eo
1403 823 1484 871 die
1506 827 1692 871 mansit
1713 824 1876 871 Vena-

392 897 468 944 fri.
539 897 647 943 Iam
687 896 1000 960 aliquantum
1039 900 1190 944 animi
1228 897 1427 945 videtur
1465 899 1606 945 nobis
1645 898 1874 945 attulisse

394 972 660 1019 Labienus.
731 970 830 1018 Sed
864 988 958 1036 ego
991 972 1213 1019 nondum
1245 971 1426 1029 habeo,
1459 973 1596 1036 quod
1628 972 1692 1019 ad
1723 979 1777 1020 te
1811 989 1875 1020 ex

393 1046 467 1093 his
510 1046 627 1093 locis
670 1047 911 1102 scribam;
966 1049 1063 1094 ista
1103 1049 1264 1111 magis
1299 1054 1556 1110 exspecto,
1593 1047 1714 1111 quid
1749 1047 1875 1095 illim

394 1121 668 1177 adferatur,
709 1138 808 1184 quo
847 1128 997 1184 pacto
1036 1121 1100 1168 de
1142 1121 1366 1169 Labieno
1405 1121 1554 1178 ferat,
1595 1122 1716 1185 quid
1756 1129 1876 1187 agat

395 1197 648 1243 Domitius
665 1198 716 1242 in
736 1194 935 1252 Marsis,
954 1194 1098 1260 Iguvi
1114 1195 1377 1253 Thermus,
1395 1194 1448 1243 P.
1469 1197 1643 1244 Attius
1662 1196 1877 1262 Cinguli,

394 1287 524 1334 quae
552 1273 616 1317 sit
643 1270 811 1334 populi
840 1271 1017 1317 urbani
1045 1270 1291 1327 voluntas,
1319 1288 1448 1335 quae
1475 1278 1566 1318 tua
1591 1275 1879 1319 coniectura

393 1346 457 1393 de
482 1346 631 1392 rebus
656 1344 851 1392 futuris.
920 1345 1063 1392 Haec
1087 1345 1235 1392 velim
1259 1347 1451 1402 crebro,
1477 1353 1530 1393 et
1554 1346 1675 1409 quid
1697 1347 1790 1393 tibi
1815 1346 1879 1394 de

394 1419 684 1467 mulieribus
717 1422 898 1466 nostris
932 1419 1147 1482 placeat,
1182 1427 1234 1466 et
1268 1420 1390 1483 quid
1422 1427 1625 1467 acturus
1658 1423 1763 1484 ipse
1798 1424 1878 1478 sis,

394 1495 593 1542 scribas.
663 1493 713 1540 Si
747 1495 1017 1540 scriberem
1050 1497 1174 1557 ipse,
1208 1493 1400 1557 longior
1434 1494 1649 1558 epistula
1682 1493 1877 1552 fuisset,

395 1569 485 1616 sed
517 1568 702 1615 dictavi
734 1575 941 1631 propter
972 1567 1341 1631 lippitudinem.

1078 1717 1199 1764 XIV

882 1831 1056 1862 CICERO
1089 1830 1263 1862 ATTICO
1298 1831 1394 1863 SAL.

462 1916 522 1962 A.
559 1915 605 1962 d.
640 1930 690 1961 Vl
727 1914 838 1960 Kal.
875 1913 1019 1960 Febr.
1057 1912 1281 1977 Capuam
1315 1913 1515 1961 Calibus
1547 1914 1880 1978 proficiscens,

398 2008 511 2037 cum
547 1990 725 2036 leviter
760 1989 1009 2052 lippirem,
1044 1987 1133 2034 has
1169 1988 1363 2035 litteras
1401 1988 1532 2035 dedi.
1603 1989 1659 2036 L.
1698 1989 1882 2036 Caesar

399 2065 640 2112 mandata
658 2063 883 2110 Caesaris
902 2062 1087 2110 detulit
1105 2062 1170 2109 ad
1189 2061 1484 2126 Pompeium
1502 2079 1546 2109 a.
1567 2062 1614 2110 d.
1635 2078 1727 2109 vm
1750 2062 1880 2119 Kal„

399 2158 514 2187 cum
536 2143 575 2186 is
600 2146 734 2186 esset
755 2155 869 2185 cum
892 2137 1175 2184 consulibus
1197 2137 1367 2183 Teani.
1416 2135 1634 2184 Probata
1655 2137 1882 2184 condicio

401 2223 495 2271 est,
527 2214 616 2261 sed
645 2217 734 2269 ita,
764 2220 822 2259 ut
851 2212 934 2259 ille
965 2212 1028 2259 de
1060 2214 1130 2258 eis
1161 2211 1373 2275 oppidis,
1404 2227 1534 2274 quae
1565 2218 1712 2258 extra
1741 2227 1881 2258 suam

399 2291 703 2354 provinciam
731 2289 1093 2350 occupavisset,
1119 2285 1369 2350 praesidia
1395 2285 1686 2332 deduceret.
1755 2284 1817 2331 Id
1842 2287 1882 2332 si

401 2365 620 2419 fecisset,
649 2378 942 2426 responsum
972 2368 1049 2408 est
1078 2361 1143 2408 ad
1171 2361 1348 2407 urbem
1376 2376 1465 2407 nos
1492 2358 1742 2406 redituros
1771 2373 1881 2405 esse

402 2447 455 2486 et
495 2454 603 2485 rem
643 2453 733 2501 per
774 2443 1008 2483 senatum
1048 2435 1378 2483 confecturos.
1447 2433 1602 2497 Spero
1642 2448 1788 2497 posse
1829 2435 1880 2479 in

401 2515 687 2578 praesentia
716 2528 894 2575 pacem
924 2527 1013 2558 nos
1042 2510 1258 2564 habere3
1305 2525 1422 2555 nam
1453 2515 1506 2555 et
1534 2507 1674 2554 illum
1703 2505 1881 2553 furoris

402 2596 455 2635 et
487 2587 619 2634 hunc
654 2593 879 2633 nostrum
913 2588 1168 2649 copiarum
1203 2586 1540 2647 suppaenitet.
1612 2580 1701 2628 Me
1737 2578 1879 2627 Pom-

401 2678 459 2724 66
