<?xml version="1.0" encoding="UTF-8"?>
<!DOCTYPE html PUBLIC "-//W3C//DTD XHTML 1.0 Transitional//EN"
    "http://www.w3.org/TR/xhtml1/DTD/xhtml1-transitional.dtd">
<html xmlns="http://www.w3.org/1999/xhtml" xml:lang="en" lang="en">
 <head>
  <title>
</title>
<meta http-equiv="Content-Type" content="text/html;charset=utf-8" />
  <meta name='ocr-system' content='tesseract 3.04.00' />
  <meta name='ocr-capabilities' content='ocr_page ocr_carea ocr_par ocr_line ocrx_word'/>
</head>
<body>
  <div class='ocr_page' id='page_1' title='image "./letterstoatticu02ciceuoft/letterstoatticu02ciceuoft_0352.png"; bbox 0 0 1988 3008; ppageno 0'>
   <div class='ocr_carea' id='block_1_1' title="bbox 68 598 371 780">
    <p class='ocr_par' dir='ltr' id='par_1_1' title="bbox 68 598 371 780">
     <span class='ocr_line' id='line_1_1' title="bbox 68 598 355 647; baseline 0.007 -2"><span class='ocrx_word' id='word_1_1' title='bbox 68 598 166 645; x_wconf 79' lang='lat' dir='ltr'><strong>Ser.</strong></span> <span class='ocrx_word' id='word_1_2' title='bbox 192 598 240 646; x_wconf 80' lang='lat' dir='ltr'><strong>in</strong></span> <span class='ocrx_word' id='word_1_3' title='bbox 268 598 355 647; x_wconf 84' lang='lat' dir='ltr'><strong>Cu-</strong></span> 
     </span>
     <span class='ocr_line' id='line_1_2' title="bbox 68 666 361 713; baseline -0.003 -1"><span class='ocrx_word' id='word_1_4' title='bbox 68 683 203 713; x_wconf 80' lang='lat' dir='ltr'><strong>mano</strong></span> <span class='ocrx_word' id='word_1_5' title='bbox 234 666 361 713; x_wconf 94' lang='lat' dir='ltr'><em>VIII</em></span> 
     </span>
     <span class='ocr_line' id='line_1_3' title="bbox 68 732 371 780; baseline 0.003 -2"><span class='ocrx_word' id='word_1_6' title='bbox 68 732 140 779; x_wconf 82' lang='lat' dir='ltr'><strong>Id.</strong></span> <span class='ocrx_word' id='word_1_7' title='bbox 173 733 296 780; x_wconf 77' lang='lat' dir='ltr'><strong>Mai.</strong></span> <span class='ocrx_word' id='word_1_8' title='bbox 328 751 371 779; x_wconf 89' lang='lat' dir='ltr'><strong>a.</strong></span> 
     </span>
    </p>
   </div>
   <div class='ocr_carea' id='block_1_2' title="bbox 69 801 162 850">
    <p class='ocr_par' dir='ltr' id='par_1_2' title="bbox 69 801 162 850">
     <span class='ocr_line' id='line_1_4' title="bbox 69 801 162 850; baseline 0.011 -1"><span class='ocrx_word' id='word_1_9' title='bbox 69 801 162 850; x_wconf 86' lang='lat'><strong>705</strong></span> 
     </span>
    </p>
   </div>
   <div class='ocr_carea' id='block_1_3' title="bbox 705 211 1633 261">
    <p class='ocr_par' dir='ltr' id='par_1_3' title="bbox 705 211 1633 261">
     <span class='ocr_line' id='line_1_5' title="bbox 705 211 1633 261; baseline 0.004 -4"><span class='ocrx_word' id='word_1_10' title='bbox 705 211 989 259; x_wconf 89' lang='lat' dir='ltr'>MARCUS</span> <span class='ocrx_word' id='word_1_11' title='bbox 1035 213 1336 260; x_wconf 92' lang='lat' dir='ltr'>TULLIUS</span> <span class='ocrx_word' id='word_1_12' title='bbox 1381 213 1633 261; x_wconf 89' lang='lat' dir='ltr'>CICERO</span> 
     </span>
    </p>
   </div>
   <div class='ocr_carea' id='block_1_4' title="bbox 910 519 1426 551">
    <p class='ocr_par' dir='ltr' id='par_1_4' title="bbox 910 519 1426 551">
     <span class='ocr_line' id='line_1_6' title="bbox 910 519 1426 551; baseline 0.004 -2"><span class='ocrx_word' id='word_1_13' title='bbox 910 519 1085 549; x_wconf 84' lang='lat' dir='ltr'><strong>CICERO</strong></span> <span class='ocrx_word' id='word_1_14' title='bbox 1119 519 1294 550; x_wconf 90' lang='lat' dir='ltr'><strong>ATTICO</strong></span> <span class='ocrx_word' id='word_1_15' title='bbox 1329 520 1426 551; x_wconf 82' lang='lat' dir='ltr'><strong>SAL.</strong></span> 
     </span>
    </p>
   </div>
   <div class='ocr_carea' id='block_1_5' title="bbox 421 599 1988 2598">
    <p class='ocr_par' dir='ltr' id='par_1_5' title="bbox 421 599 1988 2443">
     <span class='ocr_line' id='line_1_7' title="bbox 489 599 1913 664; baseline 0.004 -19"><span class='ocrx_word' id='word_1_16' title='bbox 489 599 534 646; x_wconf 91' lang='lat' dir='ltr'>O</span> <span class='ocrx_word' id='word_1_17' title='bbox 554 602 710 646; x_wconf 89' lang='lat' dir='ltr'><strong>vitam</strong></span> <span class='ocrx_word' id='word_1_18' title='bbox 728 602 981 656; x_wconf 84' lang='lat' dir='ltr'><strong>miseram,</strong></span> <span class='ocrx_word' id='word_1_19' title='bbox 997 604 1259 664; x_wconf 88' lang='lat' dir='ltr'><strong>maiusque</strong></span> <span class='ocrx_word' id='word_1_20' title='bbox 1277 601 1465 648; x_wconf 88' lang='lat' dir='ltr'><strong>malum</strong></span> <span class='ocrx_word' id='word_1_21' title='bbox 1484 609 1591 649; x_wconf 88' lang='lat' dir='ltr'><strong>tam</strong></span> <span class='ocrx_word' id='word_1_22' title='bbox 1610 602 1693 650; x_wconf 93' lang='lat' dir='ltr'><strong>diu</strong></span> <span class='ocrx_word' id='word_1_23' title='bbox 1714 606 1913 660; x_wconf 84' lang='lat' dir='ltr'><strong>timere,</strong></span> 
     </span>
     <span class='ocr_line' id='line_1_8' title="bbox 425 676 1915 741; baseline 0.003 -18"><span class='ocrx_word' id='word_1_24' title='bbox 425 693 577 739; x_wconf 90' lang='lat' dir='ltr'><strong>quam</strong></span> <span class='ocrx_word' id='word_1_25' title='bbox 595 684 674 724; x_wconf 90' lang='lat' dir='ltr'><strong>est</strong></span> <span class='ocrx_word' id='word_1_26' title='bbox 689 676 814 724; x_wconf 92' lang='lat' dir='ltr'><strong>illud</strong></span> <span class='ocrx_word' id='word_1_27' title='bbox 831 680 1013 740; x_wconf 89' lang='lat' dir='ltr'><strong>ipsum,</strong></span> <span class='ocrx_word' id='word_1_28' title='bbox 1031 678 1167 741; x_wconf 92' lang='lat' dir='ltr'><strong>quod</strong></span> <span class='ocrx_word' id='word_1_29' title='bbox 1182 679 1420 725; x_wconf 85' lang='lat' dir='ltr'><strong>timetur!</strong></span> <span class='ocrx_word' id='word_1_30' title='bbox 1453 677 1668 736; x_wconf 89' lang='lat' dir='ltr'><strong>Servius,</strong></span> <span class='ocrx_word' id='word_1_31' title='bbox 1685 687 1744 728; x_wconf 92' lang='lat' dir='ltr'><strong>ut</strong></span> <span class='ocrx_word' id='word_1_32' title='bbox 1760 687 1915 728; x_wconf 88' lang='lat' dir='ltr'><strong>antea</strong></span> 
     </span>
     <span class='ocr_line' id='line_1_9' title="bbox 425 754 1914 820; baseline 0.003 -21"><span class='ocrx_word' id='word_1_33' title='bbox 425 756 616 817; x_wconf 87' lang='lat' dir='ltr'><strong>scripsi,</strong></span> <span class='ocrx_word' id='word_1_34' title='bbox 650 771 765 800; x_wconf 90' lang='lat' dir='ltr'><strong>cum</strong></span> <span class='ocrx_word' id='word_1_35' title='bbox 800 757 1021 801; x_wconf 88' lang='lat' dir='ltr'><strong>venisset</strong></span> <span class='ocrx_word' id='word_1_36' title='bbox 1057 755 1213 802; x_wconf 90' lang='lat' dir='ltr'><strong>Nonis</strong></span> <span class='ocrx_word' id='word_1_37' title='bbox 1250 754 1419 812; x_wconf 88' lang='lat' dir='ltr'><strong>Maiis,</strong></span> <span class='ocrx_word' id='word_1_38' title='bbox 1453 756 1696 820; x_wconf 79' lang='lat' dir='ltr'><strong>postridie</strong></span> <span class='ocrx_word' id='word_1_39' title='bbox 1732 757 1798 804; x_wconf 89' lang='lat' dir='ltr'><strong>ad</strong></span> <span class='ocrx_word' id='word_1_40' title='bbox 1831 773 1914 804; x_wconf 88' lang='lat' dir='ltr'><strong>me</strong></span> 
     </span>
     <span class='ocr_line' id='line_1_10' title="bbox 423 831 1913 889; baseline 0.002 -12"><span class='ocrx_word' id='word_1_41' title='bbox 423 848 573 878; x_wconf 88' lang='lat' dir='ltr'><strong>mane</strong></span> <span class='ocrx_word' id='word_1_42' title='bbox 607 834 761 878; x_wconf 90' lang='lat' dir='ltr'><strong>venit.</strong></span> <span class='ocrx_word' id='word_1_43' title='bbox 832 831 910 879; x_wconf 90' lang='lat' dir='ltr'><strong>Ne</strong></span> <span class='ocrx_word' id='word_1_44' title='bbox 943 831 1132 879; x_wconf 84' lang='lat' dir='ltr'><strong>diutius</strong></span> <span class='ocrx_word' id='word_1_45' title='bbox 1165 839 1219 879; x_wconf 92' lang='lat' dir='ltr'><strong>te</strong></span> <span class='ocrx_word' id='word_1_46' title='bbox 1253 839 1477 889; x_wconf 90' lang='lat' dir='ltr'><strong>teneam,</strong></span> <span class='ocrx_word' id='word_1_47' title='bbox 1510 833 1692 880; x_wconf 91' lang='lat' dir='ltr'><strong>nullius</strong></span> <span class='ocrx_word' id='word_1_48' title='bbox 1724 833 1913 881; x_wconf 91' lang='lat' dir='ltr'><strong>consilii</strong></span> 
     </span>
     <span class='ocr_line' id='line_1_11' title="bbox 424 908 1914 976; baseline 0.003 -22"><span class='ocrx_word' id='word_1_49' title='bbox 424 911 619 955; x_wconf 84' lang='lat' dir='ltr'><strong>exitum</strong></span> <span class='ocrx_word' id='word_1_50' title='bbox 640 911 936 956; x_wconf 87' lang='lat' dir='ltr'><strong>invenimus.</strong></span> <span class='ocrx_word' id='word_1_51' title='bbox 1007 908 1297 973; x_wconf 82' lang='lat' dir='ltr'><strong>Numquam</strong></span> <span class='ocrx_word' id='word_1_52' title='bbox 1320 910 1420 957; x_wconf 90' lang='lat' dir='ltr'><strong>vidi</strong></span> <span class='ocrx_word' id='word_1_53' title='bbox 1441 909 1698 958; x_wconf 88' lang='lat' dir='ltr'><strong>hominem</strong></span> <span class='ocrx_word' id='word_1_54' title='bbox 1718 918 1914 976; x_wconf 79' lang='lat' dir='ltr'><strong>pertur-</strong></span> 
     </span>
     <span class='ocr_line' id='line_1_12' title="bbox 421 986 1913 1051; baseline 0.003 -20"><span class='ocrx_word' id='word_1_55' title='bbox 421 986 672 1032; x_wconf 90' lang='lat' dir='ltr'><strong>batiorem</strong></span> <span class='ocrx_word' id='word_1_56' title='bbox 710 993 882 1041; x_wconf 83' lang='lat' dir='ltr'><strong>metu3</strong></span> <span class='ocrx_word' id='word_1_57' title='bbox 921 1003 1088 1049; x_wconf 87' lang='lat' dir='ltr'><strong>neque</strong></span> <span class='ocrx_word' id='word_1_58' title='bbox 1126 986 1331 1034; x_wconf 89' lang='lat' dir='ltr'><strong>hercule</strong></span> <span class='ocrx_word' id='word_1_59' title='bbox 1372 990 1641 1051; x_wconf 89' lang='lat' dir='ltr'><strong>quicquam</strong></span> <span class='ocrx_word' id='word_1_60' title='bbox 1679 989 1913 1045; x_wconf 86' lang='lat' dir='ltr'><strong>timebat,</strong></span> 
     </span>
     <span class='ocr_line' id='line_1_13' title="bbox 423 1063 1915 1126; baseline 0.002 -17"><span class='ocrx_word' id='word_1_61' title='bbox 423 1063 559 1126; x_wconf 90' lang='lat' dir='ltr'><strong>quod</strong></span> <span class='ocrx_word' id='word_1_62' title='bbox 589 1080 689 1110; x_wconf 91' lang='lat' dir='ltr'><strong>non</strong></span> <span class='ocrx_word' id='word_1_63' title='bbox 722 1070 856 1110; x_wconf 89' lang='lat' dir='ltr'><strong>esset</strong></span> <span class='ocrx_word' id='word_1_64' title='bbox 887 1063 1200 1119; x_wconf 81' lang='lat' dir='ltr'><strong>timendum3</strong></span> <span class='ocrx_word' id='word_1_65' title='bbox 1250 1064 1391 1112; x_wconf 91' lang='lat' dir='ltr'><strong>illum</strong></span> <span class='ocrx_word' id='word_1_66' title='bbox 1423 1065 1513 1112; x_wconf 90' lang='lat' dir='ltr'><strong>sibi</strong></span> <span class='ocrx_word' id='word_1_67' title='bbox 1547 1067 1752 1122; x_wconf 88' lang='lat' dir='ltr'><strong>iratum,</strong></span> <span class='ocrx_word' id='word_1_68' title='bbox 1782 1064 1915 1112; x_wconf 92' lang='lat' dir='ltr'><strong>hunc</strong></span> 
     </span>
     <span class='ocr_line' id='line_1_14' title="bbox 423 1140 1915 1205; baseline 0.003 -19"><span class='ocrx_word' id='word_1_69' title='bbox 423 1157 522 1186; x_wconf 91' lang='lat' dir='ltr'><strong>non</strong></span> <span class='ocrx_word' id='word_1_70' title='bbox 562 1143 807 1196; x_wconf 88' lang='lat' dir='ltr'><strong>amicum;</strong></span> <span class='ocrx_word' id='word_1_71' title='bbox 858 1140 1146 1188; x_wconf 89' lang='lat' dir='ltr'><strong>horribilem</strong></span> <span class='ocrx_word' id='word_1_72' title='bbox 1188 1144 1452 1205; x_wconf 88' lang='lat' dir='ltr'><strong>utriusque</strong></span> <span class='ocrx_word' id='word_1_73' title='bbox 1487 1145 1768 1199; x_wconf 88' lang='lat' dir='ltr'><strong>victoriam,</strong></span> <span class='ocrx_word' id='word_1_74' title='bbox 1801 1159 1915 1190; x_wconf 89' lang='lat' dir='ltr'><strong>cum</strong></span> 
     </span>
     <span class='ocr_line' id='line_1_15' title="bbox 422 1218 1915 1281; baseline 0.002 -18"><span class='ocrx_word' id='word_1_75' title='bbox 422 1225 630 1281; x_wconf 88' lang='lat' dir='ltr'><strong>propter</strong></span> <span class='ocrx_word' id='word_1_76' title='bbox 654 1218 860 1265; x_wconf 89' lang='lat' dir='ltr'><strong>alterius</strong></span> <span class='ocrx_word' id='word_1_77' title='bbox 884 1218 1259 1276; x_wconf 78' lang='lat' dir='ltr'><strong>crudelitatem,</strong></span> <span class='ocrx_word' id='word_1_78' title='bbox 1284 1219 1496 1266; x_wconf 88' lang='lat' dir='ltr'><strong>alterius</strong></span> <span class='ocrx_word' id='word_1_79' title='bbox 1521 1219 1783 1267; x_wconf 86' lang='lat' dir='ltr'><strong>audaciam</strong></span> <span class='ocrx_word' id='word_1_80' title='bbox 1806 1226 1915 1268; x_wconf 86' lang='lat' dir='ltr'><strong>tum</strong></span> 
     </span>
     <span class='ocr_line' id='line_1_16' title="bbox 423 1295 1915 1361; baseline 0.001 -19"><span class='ocrx_word' id='word_1_81' title='bbox 423 1302 630 1359; x_wconf 89' lang='lat' dir='ltr'><strong>propter</strong></span> <span class='ocrx_word' id='word_1_82' title='bbox 668 1298 931 1359; x_wconf 90' lang='lat' dir='ltr'><strong>utriusque</strong></span> <span class='ocrx_word' id='word_1_83' title='bbox 971 1295 1320 1343; x_wconf 86' lang='lat' dir='ltr'><strong>difficultatem</strong></span> <span class='ocrx_word' id='word_1_84' title='bbox 1358 1299 1729 1360; x_wconf 83' lang='lat' dir='ltr'><strong>pecuniariam3</strong></span> <span class='ocrx_word' id='word_1_85' title='bbox 1785 1313 1915 1361; x_wconf 89' lang='lat' dir='ltr'><strong>quae</strong></span> 
     </span>
     <span class='ocr_line' id='line_1_17' title="bbox 424 1374 1913 1438; baseline 0.001 -19"><span class='ocrx_word' id='word_1_86' title='bbox 424 1376 530 1419; x_wconf 91' lang='lat' dir='ltr'><strong>erui</strong></span> <span class='ocrx_word' id='word_1_87' title='bbox 547 1389 796 1436; x_wconf 87' lang='lat' dir='ltr'><strong>nusquam</strong></span> <span class='ocrx_word' id='word_1_88' title='bbox 811 1376 903 1419; x_wconf 91' lang='lat' dir='ltr'><strong>nisi</strong></span> <span class='ocrx_word' id='word_1_89' title='bbox 920 1389 983 1419; x_wconf 86' lang='lat' dir='ltr'><strong>ex</strong></span> <span class='ocrx_word' id='word_1_90' title='bbox 998 1376 1310 1437; x_wconf 88' lang='lat' dir='ltr'><strong>privatorum</strong></span> <span class='ocrx_word' id='word_1_91' title='bbox 1324 1375 1468 1421; x_wconf 90' lang='lat' dir='ltr'><strong>bonis</strong></span> <span class='ocrx_word' id='word_1_92' title='bbox 1482 1381 1669 1438; x_wconf 85' lang='lat' dir='ltr'><strong>posset.</strong></span> <span class='ocrx_word' id='word_1_93' title='bbox 1739 1374 1913 1438; x_wconf 88' lang='lat' dir='ltr'><strong>Atque</strong></span> 
     </span>
     <span class='ocr_line' id='line_1_18' title="bbox 423 1449 1916 1515; baseline 0.001 -19"><span class='ocrx_word' id='word_1_94' title='bbox 423 1449 549 1497; x_wconf 90' lang='lat' dir='ltr'><strong>haec</strong></span> <span class='ocrx_word' id='word_1_95' title='bbox 563 1453 636 1497; x_wconf 86' lang='lat' dir='ltr'><strong>ita</strong></span> <span class='ocrx_word' id='word_1_96' title='bbox 650 1450 822 1497; x_wconf 90' lang='lat' dir='ltr'><strong>multis</strong></span> <span class='ocrx_word' id='word_1_97' title='bbox 837 1467 951 1497; x_wconf 87' lang='lat' dir='ltr'><strong>cum</strong></span> <span class='ocrx_word' id='word_1_98' title='bbox 966 1450 1180 1497; x_wconf 84' lang='lat' dir='ltr'><strong>lacrimis</strong></span> <span class='ocrx_word' id='word_1_99' title='bbox 1196 1451 1514 1515; x_wconf 86' lang='lat' dir='ltr'><strong>loquebatur,</strong></span> <span class='ocrx_word' id='word_1_100' title='bbox 1524 1458 1582 1497; x_wconf 88' lang='lat' dir='ltr'><strong>ut</strong></span> <span class='ocrx_word' id='word_1_101' title='bbox 1597 1468 1692 1515; x_wconf 88' lang='lat' dir='ltr'><strong>ego</strong></span> <span class='ocrx_word' id='word_1_102' title='bbox 1707 1454 1916 1499; x_wconf 89' lang='lat' dir='ltr'><strong>mirarer</strong></span> 
     </span>
     <span class='ocr_line' id='line_1_19' title="bbox 427 1528 1913 1576; baseline 0.001 -2"><span class='ocrx_word' id='word_1_103' title='bbox 427 1545 512 1575; x_wconf 90' lang='lat' dir='ltr'><strong>eas</strong></span> <span class='ocrx_word' id='word_1_104' title='bbox 569 1535 676 1574; x_wconf 83' lang='lat' dir='ltr'><strong>tam</strong></span> <span class='ocrx_word' id='word_1_105' title='bbox 734 1528 973 1575; x_wconf 87' lang='lat' dir='ltr'><strong>diuturna</strong></span> <span class='ocrx_word' id='word_1_106' title='bbox 1029 1531 1230 1575; x_wconf 90' lang='lat' dir='ltr'><strong>miseria</strong></span> <span class='ocrx_word' id='word_1_107' title='bbox 1286 1545 1386 1575; x_wconf 91' lang='lat' dir='ltr'><strong>non</strong></span> <span class='ocrx_word' id='word_1_108' title='bbox 1444 1531 1712 1576; x_wconf 87' lang='lat' dir='ltr'><strong>exaruisse.</strong></span> <span class='ocrx_word' id='word_1_109' title='bbox 1785 1528 1913 1575; x_wconf 90' lang='lat' dir='ltr'><strong>Mihi</strong></span> 
     </span>
     <span class='ocr_line' id='line_1_20' title="bbox 424 1604 1909 1669; baseline 0 -16"><span class='ocrx_word' id='word_1_110' title='bbox 424 1605 629 1669; x_wconf 91' lang='lat' dir='ltr'><strong>quidem</strong></span> <span class='ocrx_word' id='word_1_111' title='bbox 654 1608 810 1652; x_wconf 87' lang='lat' dir='ltr'><strong>etiarn</strong></span> <span class='ocrx_word' id='word_1_112' title='bbox 834 1604 1083 1668; x_wconf 88' lang='lat' dir='ltr'><strong>lippitudo</strong></span> <span class='ocrx_word' id='word_1_113' title='bbox 1106 1604 1250 1662; x_wconf 91' lang='lat' dir='ltr'><strong>haec,</strong></span> <span class='ocrx_word' id='word_1_114' title='bbox 1273 1612 1480 1669; x_wconf 90' lang='lat' dir='ltr'><strong>propter</strong></span> <span class='ocrx_word' id='word_1_115' title='bbox 1504 1622 1656 1669; x_wconf 89' lang='lat' dir='ltr'><strong>quam</strong></span> <span class='ocrx_word' id='word_1_116' title='bbox 1679 1623 1779 1653; x_wconf 89' lang='lat' dir='ltr'><strong>non</strong></span> <span class='ocrx_word' id='word_1_117' title='bbox 1802 1609 1909 1669; x_wconf 90' lang='lat' dir='ltr'><strong>ipse</strong></span> 
     </span>
     <span class='ocr_line' id='line_1_21' title="bbox 424 1682 1916 1746; baseline -0.001 -15"><span class='ocrx_word' id='word_1_118' title='bbox 424 1683 489 1731; x_wconf 90' lang='lat' dir='ltr'><strong>ad</strong></span> <span class='ocrx_word' id='word_1_119' title='bbox 513 1690 567 1730; x_wconf 90' lang='lat' dir='ltr'><strong>te</strong></span> <span class='ocrx_word' id='word_1_120' title='bbox 592 1684 771 1739; x_wconf 89' lang='lat' dir='ltr'><strong>scribo,</strong></span> <span class='ocrx_word' id='word_1_121' title='bbox 797 1685 903 1729; x_wconf 89' lang='lat' dir='ltr'><strong>sine</strong></span> <span class='ocrx_word' id='word_1_122' title='bbox 930 1682 1031 1729; x_wconf 88' lang='lat' dir='ltr'><strong>ulla</strong></span> <span class='ocrx_word' id='word_1_123' title='bbox 1055 1682 1259 1729; x_wconf 87' lang='lat' dir='ltr'><strong>lacrima</strong></span> <span class='ocrx_word' id='word_1_124' title='bbox 1285 1690 1381 1739; x_wconf 88' lang='lat' dir='ltr'><strong>est,</strong></span> <span class='ocrx_word' id='word_1_125' title='bbox 1407 1682 1497 1730; x_wconf 88' lang='lat' dir='ltr'><strong>sed</strong></span> <span class='ocrx_word' id='word_1_126' title='bbox 1521 1685 1720 1746; x_wconf 88' lang='lat' dir='ltr'><strong>saepius</strong></span> <span class='ocrx_word' id='word_1_127' title='bbox 1745 1683 1916 1731; x_wconf 87' lang='lat' dir='ltr'><strong>odiosa</strong></span> 
     </span>
     <span class='ocr_line' id='line_1_22' title="bbox 424 1759 1915 1824; baseline 0 -16"><span class='ocrx_word' id='word_1_128' title='bbox 424 1767 503 1808; x_wconf 89' lang='lat' dir='ltr'><strong>est</strong></span> <span class='ocrx_word' id='word_1_129' title='bbox 531 1767 739 1824; x_wconf 84' lang='lat' dir='ltr'><strong>propter</strong></span> <span class='ocrx_word' id='word_1_130' title='bbox 763 1760 975 1824; x_wconf 79' lang='lat' dir='ltr'><strong>vigilias.</strong></span> <span class='ocrx_word' id='word_1_131' title='bbox 1044 1759 1212 1818; x_wconf 85' lang='lat' dir='ltr'><strong>Quam</strong></span> <span class='ocrx_word' id='word_1_132' title='bbox 1241 1761 1306 1807; x_wconf 94' lang='lat' dir='ltr'><strong>ob</strong></span> <span class='ocrx_word' id='word_1_133' title='bbox 1334 1776 1460 1817; x_wconf 90' lang='lat' dir='ltr'><strong>rem,</strong></span> <span class='ocrx_word' id='word_1_134' title='bbox 1491 1760 1730 1824; x_wconf 90' lang='lat' dir='ltr'><strong>quicquid</strong></span> <span class='ocrx_word' id='word_1_135' title='bbox 1757 1759 1915 1808; x_wconf 84' lang='lat' dir='ltr'><strong>habes</strong></span> 
     </span>
     <span class='ocr_line' id='line_1_23' title="bbox 424 1837 1917 1901; baseline -0.001 -16"><span class='ocrx_word' id='word_1_136' title='bbox 424 1838 490 1885; x_wconf 88' lang='lat' dir='ltr'><strong>ad</strong></span> <span class='ocrx_word' id='word_1_137' title='bbox 508 1837 885 1894; x_wconf 89' lang='lat' dir='ltr'><strong>consolandum,</strong></span> <span class='ocrx_word' id='word_1_138' title='bbox 905 1837 1086 1901; x_wconf 87' lang='lat' dir='ltr'><strong>collige</strong></span> <span class='ocrx_word' id='word_1_139' title='bbox 1107 1844 1161 1884; x_wconf 89' lang='lat' dir='ltr'><strong>et</strong></span> <span class='ocrx_word' id='word_1_140' title='bbox 1179 1837 1264 1884; x_wconf 87' lang='lat' dir='ltr'><strong>illa</strong></span> <span class='ocrx_word' id='word_1_141' title='bbox 1282 1838 1462 1894; x_wconf 87' lang='lat' dir='ltr'><strong>scribe,</strong></span> <span class='ocrx_word' id='word_1_142' title='bbox 1480 1853 1582 1884; x_wconf 90' lang='lat' dir='ltr'><strong>non</strong></span> <span class='ocrx_word' id='word_1_143' title='bbox 1603 1853 1667 1884; x_wconf 87' lang='lat' dir='ltr'><strong>ex</strong></span> <span class='ocrx_word' id='word_1_144' title='bbox 1687 1837 1917 1884; x_wconf 85' lang='lat' dir='ltr'><strong>doctrina</strong></span> 
     </span>
     <span class='ocr_line' id='line_1_24' title="bbox 423 1913 1916 1980; baseline -0.001 -17"><span class='ocrx_word' id='word_1_145' title='bbox 423 1931 590 1980; x_wconf 89' lang='lat' dir='ltr'><strong>neque</strong></span> <span class='ocrx_word' id='word_1_146' title='bbox 618 1931 682 1962; x_wconf 87' lang='lat' dir='ltr'><strong>ex</strong></span> <span class='ocrx_word' id='word_1_147' title='bbox 707 1914 843 1962; x_wconf 90' lang='lat' dir='ltr'><strong>libris</strong></span> <span class='ocrx_word' id='word_1_148' title='bbox 873 1915 1011 1978; x_wconf 89' lang='lat' dir='ltr'><strong>(nam</strong></span> <span class='ocrx_word' id='word_1_149' title='bbox 1037 1914 1089 1961; x_wconf 91' lang='lat' dir='ltr'><strong>id</strong></span> <span class='ocrx_word' id='word_1_150' title='bbox 1115 1914 1321 1978; x_wconf 91' lang='lat' dir='ltr'><strong>quidem</strong></span> <span class='ocrx_word' id='word_1_151' title='bbox 1348 1913 1483 1961; x_wconf 90' lang='lat' dir='ltr'><strong>domi</strong></span> <span class='ocrx_word' id='word_1_152' title='bbox 1511 1921 1606 1971; x_wconf 90' lang='lat' dir='ltr'><strong>est,</strong></span> <span class='ocrx_word' id='word_1_153' title='bbox 1633 1914 1722 1962; x_wconf 88' lang='lat' dir='ltr'><strong>sed</strong></span> <span class='ocrx_word' id='word_1_154' title='bbox 1747 1917 1916 1962; x_wconf 90' lang='lat' dir='ltr'><strong>nescio</strong></span> 
     </span>
     <span class='ocr_line' id='line_1_25' title="bbox 424 1991 1914 2056; baseline -0.001 -16"><span class='ocrx_word' id='word_1_155' title='bbox 424 2010 524 2056; x_wconf 93' lang='lat' dir='ltr'><strong>quo</strong></span> <span class='ocrx_word' id='word_1_156' title='bbox 561 1992 712 2040; x_wconf 92' lang='lat' dir='ltr'><strong>modo</strong></span> <span class='ocrx_word' id='word_1_157' title='bbox 748 1991 1042 2039; x_wconf 89' lang='lat' dir='ltr'><strong>imbecillior</strong></span> <span class='ocrx_word' id='word_1_158' title='bbox 1081 1999 1158 2039; x_wconf 90' lang='lat' dir='ltr'><strong>est</strong></span> <span class='ocrx_word' id='word_1_159' title='bbox 1195 1991 1447 2039; x_wconf 87' lang='lat' dir='ltr'><strong>medicina</strong></span> <span class='ocrx_word' id='word_1_160' title='bbox 1485 2008 1637 2055; x_wconf 90' lang='lat' dir='ltr'><strong>quam</strong></span> <span class='ocrx_word' id='word_1_161' title='bbox 1674 1991 1914 2056; x_wconf 88' lang='lat' dir='ltr'><strong>morbus),</strong></span> 
     </span>
     <span class='ocr_line' id='line_1_26' title="bbox 422 2067 1916 2134; baseline -0.001 -17"><span class='ocrx_word' id='word_1_162' title='bbox 422 2069 549 2118; x_wconf 88' lang='lat' dir='ltr'><strong>haec</strong></span> <span class='ocrx_word' id='word_1_163' title='bbox 568 2073 735 2134; x_wconf 88' lang='lat' dir='ltr'><strong>potius</strong></span> <span class='ocrx_word' id='word_1_164' title='bbox 754 2073 992 2133; x_wconf 88' lang='lat' dir='ltr'><strong>conquire</strong></span> <span class='ocrx_word' id='word_1_165' title='bbox 1013 2069 1076 2116; x_wconf 91' lang='lat' dir='ltr'><strong>de</strong></span> <span class='ocrx_word' id='word_1_166' title='bbox 1098 2069 1370 2133; x_wconf 87' lang='lat' dir='ltr'><strong>Hispaniis,</strong></span> <span class='ocrx_word' id='word_1_167' title='bbox 1390 2068 1454 2116; x_wconf 90' lang='lat' dir='ltr'><strong>de</strong></span> <span class='ocrx_word' id='word_1_168' title='bbox 1477 2067 1730 2124; x_wconf 89' lang='lat' dir='ltr'><strong>Massilia;</strong></span> <span class='ocrx_word' id='word_1_169' title='bbox 1768 2085 1916 2133; x_wconf 89' lang='lat' dir='ltr'><strong>quae,</strong></span> 
     </span>
     <span class='ocr_line' id='line_1_27' title="bbox 425 2145 1988 2224; baseline -0.001 -29"><span class='ocrx_word' id='word_1_170' title='bbox 425 2148 631 2212; x_wconf 90' lang='lat' dir='ltr'><strong>quidem</strong></span> <span class='ocrx_word' id='word_1_171' title='bbox 677 2151 798 2194; x_wconf 89' lang='lat' dir='ltr'><strong>satis</strong></span> <span class='ocrx_word' id='word_1_172' title='bbox 842 2146 974 2194; x_wconf 92' lang='lat' dir='ltr'><strong>bella</strong></span> <span class='ocrx_word' id='word_1_173' title='bbox 1019 2145 1217 2193; x_wconf 88' lang='lat' dir='ltr'><strong>Servius</strong></span> <span class='ocrx_word' id='word_1_174' title='bbox 1263 2146 1459 2201; x_wconf 83' lang='lat' dir='ltr'><strong>adfert3</strong></span> <span class='ocrx_word' id='word_1_175' title='bbox 1522 2149 1604 2209; x_wconf 90' lang='lat' dir='ltr'><strong>qui</strong></span> <span class='ocrx_word' id='word_1_176' title='bbox 1653 2148 1808 2193; x_wconf 86' lang='lat' dir='ltr'><strong>etiam</strong></span> <span class='ocrx_word' id='word_1_177' title='bbox 1852 2145 1915 2193; x_wconf 89' lang='lat' dir='ltr'><strong>de</strong></span> <span class='ocrx_word' id='word_1_178' title='bbox 1987 2210 1988 2224; x_wconf 14' lang='grc' dir='ltr'><strong>χ</strong></span> 
     </span>
     <span class='ocr_line' id='line_1_28' title="bbox 425 2222 1988 2289; baseline -0.003 -17"><span class='ocrx_word' id='word_1_179' title='bbox 425 2226 620 2272; x_wconf 87' lang='lat' dir='ltr'><strong>duabus</strong></span> <span class='ocrx_word' id='word_1_180' title='bbox 656 2225 936 2289; x_wconf 86' lang='lat' dir='ltr'><strong>legionibus</strong></span> <span class='ocrx_word' id='word_1_181' title='bbox 971 2223 1250 2271; x_wconf 85' lang='lat' dir='ltr'><strong>luculentos</strong></span> <span class='ocrx_word' id='word_1_182' title='bbox 1286 2230 1515 2270; x_wconf 87' lang='lat' dir='ltr'><strong>auctores</strong></span> <span class='ocrx_word' id='word_1_183' title='bbox 1551 2239 1660 2269; x_wconf 91' lang='lat' dir='ltr'><strong>esse</strong></span> <span class='ocrx_word' id='word_1_184' title='bbox 1695 2222 1913 2269; x_wconf 89' lang='lat' dir='ltr'><strong>dicebat.</strong></span> <span class='ocrx_word' id='word_1_185' title='bbox 1986 2227 1988 2244; x_wconf 75' lang='lat'><strong>⁴</strong></span> 
     </span>
     <span class='ocr_line' id='line_1_29' title="bbox 426 2299 1916 2367; baseline -0.003 -17"><span class='ocrx_word' id='word_1_186' title='bbox 426 2303 568 2350; x_wconf 87' lang='lat' dir='ltr'><strong>Haec</strong></span> <span class='ocrx_word' id='word_1_187' title='bbox 592 2305 764 2367; x_wconf 85' lang='lat' dir='ltr'><strong>igitur,</strong></span> <span class='ocrx_word' id='word_1_188' title='bbox 790 2305 827 2348; x_wconf 88' lang='lat' dir='ltr'><strong>si</strong></span> <span class='ocrx_word' id='word_1_189' title='bbox 861 2301 1088 2358; x_wconf 90' lang='lat' dir='ltr'><strong>habebis,</strong></span> <span class='ocrx_word' id='word_1_190' title='bbox 1115 2308 1168 2348; x_wconf 90' lang='lat' dir='ltr'><strong>et</strong></span> <span class='ocrx_word' id='word_1_191' title='bbox 1200 2300 1339 2348; x_wconf 86' lang='lat' dir='ltr'><strong>talia.</strong></span> <span class='ocrx_word' id='word_1_192' title='bbox 1409 2300 1477 2347; x_wconf 85' lang='lat' dir='ltr'><strong>Et</strong></span> <span class='ocrx_word' id='word_1_193' title='bbox 1509 2299 1714 2364; x_wconf 91' lang='lat' dir='ltr'><strong>quidem</strong></span> <span class='ocrx_word' id='word_1_194' title='bbox 1745 2302 1916 2363; x_wconf 87' lang='lat' dir='ltr'><strong>paucis</strong></span> 
     </span>
     <span class='ocr_line' id='line_1_30' title="bbox 425 2378 1355 2443; baseline -0.003 -16"><span class='ocrx_word' id='word_1_195' title='bbox 425 2380 602 2427; x_wconf 86' lang='lat' dir='ltr'><strong>diebus</strong></span> <span class='ocrx_word' id='word_1_196' title='bbox 629 2379 818 2443; x_wconf 89' lang='lat' dir='ltr'><strong>aliquid</strong></span> <span class='ocrx_word' id='word_1_197' title='bbox 843 2378 1004 2426; x_wconf 89' lang='lat' dir='ltr'><strong>audiri</strong></span> <span class='ocrx_word' id='word_1_198' title='bbox 1029 2394 1235 2426; x_wconf 89' lang='lat' dir='ltr'><strong>necesse</strong></span> <span class='ocrx_word' id='word_1_199' title='bbox 1262 2384 1355 2425; x_wconf 87' lang='lat' dir='ltr'><strong>est.</strong></span> 
     </span>
    </p>

    <p class='ocr_par' dir='ltr' id='par_1_6' title="bbox 425 2454 1914 2598">
     <span class='ocr_line' id='line_1_31' title="bbox 489 2454 1914 2504; baseline -0.004 0"><span class='ocrx_word' id='word_1_200' title='bbox 489 2457 590 2504; x_wconf 92' lang='lat' dir='ltr'><strong>Sed</strong></span> <span class='ocrx_word' id='word_1_201' title='bbox 609 2457 764 2503; x_wconf 91' lang='lat' dir='ltr'><strong>redeo</strong></span> <span class='ocrx_word' id='word_1_202' title='bbox 787 2456 851 2503; x_wconf 91' lang='lat' dir='ltr'><strong>ad</strong></span> <span class='ocrx_word' id='word_1_203' title='bbox 873 2455 1114 2503; x_wconf 88' lang='lat' dir='ltr'><strong>Servium.</strong></span> <span class='ocrx_word' id='word_1_204' title='bbox 1185 2454 1485 2502; x_wconf 89' lang='lat' dir='ltr'><strong>Distulimus</strong></span> <span class='ocrx_word' id='word_1_205' title='bbox 1508 2457 1709 2501; x_wconf 90' lang='lat' dir='ltr'><strong>omnino</strong></span> <span class='ocrx_word' id='word_1_206' title='bbox 1731 2470 1914 2500; x_wconf 87' lang='lat' dir='ltr'><strong>sermo-</strong></span> 
     </span>
     <span class='ocr_line' id='line_1_32' title="bbox 425 2529 1913 2598; baseline -0.003 -16"><span class='ocrx_word' id='word_1_207' title='bbox 425 2551 542 2582; x_wconf 90' lang='lat' dir='ltr'><strong>nem</strong></span> <span class='ocrx_word' id='word_1_208' title='bbox 563 2537 613 2580; x_wconf 85' lang='lat' dir='ltr'><strong>in</strong></span> <span class='ocrx_word' id='word_1_209' title='bbox 632 2540 913 2598; x_wconf 90' lang='lat' dir='ltr'><strong>posterum,</strong></span> <span class='ocrx_word' id='word_1_210' title='bbox 933 2533 1023 2580; x_wconf 89' lang='lat' dir='ltr'><strong>sed</strong></span> <span class='ocrx_word' id='word_1_211' title='bbox 1041 2532 1216 2580; x_wconf 87' lang='lat' dir='ltr'><strong>tardus</strong></span> <span class='ocrx_word' id='word_1_212' title='bbox 1236 2531 1300 2579; x_wconf 90' lang='lat' dir='ltr'><strong>ad</strong></span> <span class='ocrx_word' id='word_1_213' title='bbox 1320 2531 1609 2579; x_wconf 87' lang='lat' dir='ltr'><strong>exeundum</strong></span> <span class='ocrx_word' id='word_1_214' title='bbox 1629 2529 1655 2545; x_wconf 93' lang='lat'><strong>“</strong></span> <span class='ocrx_word' id='word_1_215' title='bbox 1681 2530 1841 2578; x_wconf 90' lang='lat' dir='ltr'><strong>multo</strong></span> <span class='ocrx_word' id='word_1_216' title='bbox 1859 2546 1913 2577; x_wconf 90' lang='lat' dir='ltr'><strong>se</strong></span> 
     </span>
    </p>
   </div>
   <div class='ocr_carea' id='block_1_6' title="bbox 424 2623 514 2684">
    <p class='ocr_par' dir='ltr' id='par_1_7' title="bbox 424 2623 514 2684">
     <span class='ocr_line' id='line_1_33' title="bbox 424 2623 514 2684; baseline 0 0"><span class='ocrx_word' id='word_1_217' title='bbox 424 2623 514 2684; x_wconf 83' lang='lat'><strong>336</strong></span> 
     </span>
    </p>
   </div>
  </div>
 </body>
</html>
