1988 3008
647 223 931 271 MARCUS
976 224 1278 272 TULLIUS
1324 225 1576 275 CICERO

367 347 395 366 “
418 349 545 397 Cum
575 348 735 397 hocne
764 349 971 414 igitur,''
999 354 1213 414 inquies,
1243 352 1270 368 “
1296 369 1405 400 esse
1434 355 1541 401 vis?
1566 353 1594 370 ''
1660 355 1856 404 Benefi-

361 426 495 469 cium
521 440 721 487 sequor,
746 423 868 470 mihi
893 425 1064 481 crede,
1090 442 1190 473 non
1215 443 1437 484 causam,
1463 427 1541 492 [ut
1565 432 1617 475 in
1646 429 1856 488 Milone,

362 503 421 543 ut
444 499 497 542 in
533 532 544 543 .
582 532 593 543 .
632 533 643 543 .
679 496 781 544 Sed
804 497 1113 563 hactenus].1
1180 498 1208 516 “
1233 499 1398 548 Causa
1421 505 1576 566 igitur
1599 520 1700 551 non
1723 505 1858 552 bona

363 571 476 617 est?
502 568 530 585 ''
599 570 762 618 Immo
790 575 1002 635 optima,
1028 572 1120 620 sed
1146 581 1344 638 agetur,
1371 583 1649 634 memento,
1675 576 1856 625 foedis-

362 647 501 690 sime.
573 643 797 692 Primum
845 646 1107 694 consilium
1156 655 1235 695 est
1284 648 1526 697 suffocare
1575 652 1753 698 urbem
1803 659 1856 699 et

365 717 566 764 Italiam
599 718 752 774 fame,
786 719 971 767 deinde
1006 737 1151 785 agros
1185 729 1402 779 vastare,
1435 741 1600 780 urere,
1633 729 1857 788 pecuniis

363 791 674 855 locupletum
693 810 794 840 non
815 795 1086 842 abstinere.
1157 794 1276 852 Sed,
1295 813 1411 844 cum
1431 798 1611 845 eadem
1630 806 1857 847 metuam

363 867 426 912 ab
474 865 567 912 hac
615 874 779 929 parte,
820 871 860 914 si
899 868 1023 914 illim
1062 869 1367 917 beneficium
1406 888 1507 918 non
1548 875 1630 928 sit,
1670 876 1856 920 rectius

361 947 540 1003 putem
565 941 760 1003 quidvis
784 941 921 989 domi
943 946 1161 1006 perpeti.
1230 943 1331 991 Sed
1353 947 1427 991 ita
1450 948 1693 993 meruisse
1717 946 1856 994 illum

362 1014 426 1061 de
447 1031 529 1061 me
550 1022 694 1077 puto,
714 1022 773 1062 ut
793 1019 1068 1081 ἀχαριστίας
1087 1020 1281 1065 crimen
1306 1019 1473 1066 subire
1498 1036 1599 1066 non
1625 1020 1857 1078 audeam,

362 1105 672 1151 quamquam
707 1106 738 1136 a
770 1096 825 1137 te
861 1093 968 1138 eius
1003 1108 1206 1154 quoque
1239 1095 1313 1139 rei
1347 1095 1485 1140 iusta
1518 1093 1745 1142 defensio
1780 1102 1858 1142 est

361 1162 628 1224 explicata.

426 1236 507 1283 De
539 1235 798 1300 triumpho
830 1238 925 1284 tibi
958 1237 1234 1295 adsentior,
1267 1255 1420 1303 quem
1453 1240 1659 1304 quidem
1690 1249 1856 1290 totum

363 1309 508 1356 facile
540 1318 594 1357 et
623 1310 860 1358 lubenter
890 1312 1137 1359 abiecero.
1206 1313 1426 1377 Egregie
1457 1316 1615 1378 probo
1645 1314 1751 1364 fore
1782 1324 1857 1374 ut,

361 1384 482 1431 dum
521 1401 748 1449 agamus,
773 1389 797 1433 ὁ
835 1388 982 1438 πλόος
1015 1389 1179 1448 ὡραῖος
1217 1388 1445 1451 obrepat.
1515 1387 1542 1404 ‘⁴
1567 1388 1617 1435 Si
1655 1390 1856 1447 modo,”

361 1460 543 1520 inquis,
579 1456 753 1505 “satis
789 1458 871 1505 ille
908 1461 1005 1506 erit
1041 1458 1263 1507 firmus.''
1330 1460 1424 1508 Est
1459 1461 1646 1509 firmior
1681 1466 1858 1521 etiam,

361 1548 515 1594 quam
542 1533 864 1595 putabamus.
936 1533 1016 1580 De
1045 1536 1143 1580 isto
1171 1533 1292 1581 licet
1320 1535 1452 1582 bene
1483 1552 1669 1598 speres.
1739 1535 1855 1584 Pro-

361 1607 513 1651 mitto
540 1606 652 1661 tibi,
681 1608 721 1652 si
750 1605 956 1662 valebit,
985 1607 1213 1671 tegulam
1240 1607 1382 1655 illum
1409 1611 1461 1655 in
1492 1608 1640 1657 Italia
1667 1611 1855 1658 nullam

358 1677 667 1725 relicturum.
738 1678 765 1694 ‘⁶
789 1679 928 1726 Tene
962 1683 1117 1744 igitur
1149 1682 1317 1728 socio?
1343 1680 1370 1696 ”
1439 1682 1629 1730 Contra
1659 1683 1857 1733 meher-

358 1751 469 1798 cule
502 1768 674 1799 meum
705 1753 946 1800 iudicium
980 1761 1034 1801 et
1065 1762 1242 1801 contra
1274 1759 1499 1803 omnium
1531 1760 1855 1821 antiquorum

359 1829 737 1883 auctoritatem,
759 1843 854 1874 nec
876 1834 985 1874 tam
1007 1835 1065 1874 ut
1088 1828 1172 1875 illa
1196 1829 1447 1886 adiuvem,
1471 1847 1624 1894 quam
1648 1839 1706 1879 ut
1727 1831 1854 1881 haec

364 1915 428 1945 ne
455 1899 673 1956 videam,
699 1903 846 1964 cupio
873 1900 1149 1949 discedere.
1219 1903 1332 1949 Noli
1361 1906 1494 1950 enim
1522 1911 1703 1967 putare
1730 1906 1854 1954 tole-

364 1972 548 2019 rabiles
585 1971 765 2020 horum
803 1976 1021 2021 insanias
1061 1991 1154 2022 nec
1195 1979 1340 2024 unius
1379 1977 1515 2024 modi
1554 1977 1677 2025 fore.
1745 1979 1854 2027 Etsi

358 2045 480 2108 quid
531 2052 585 2092 te
638 2045 817 2093 horum
870 2047 1019 2112 fugit,
1067 2049 1281 2113 legibus,
1327 2050 1593 2108 iudicibus,
1642 2053 1854 2110 iudiciis,

361 2125 544 2165 senatu
565 2119 764 2166 sublato
782 2120 1033 2178 libidines,
1054 2122 1306 2179 audacias,
1327 2131 1574 2188 sumthS,
1596 2133 1854 2189 egestates

358 2198 439 2239 tot
475 2196 916 2256 egentissimorum
944 2194 1204 2243 hominum
1233 2213 1326 2243 nec
1352 2200 1573 2260 privatas
1601 2214 1747 2262 posse
1775 2216 1854 2247 res

360 2282 455 2312 nec
486 2283 593 2314 rem
623 2267 879 2330 publicam
910 2270 1194 2316 sustinere?
1262 2270 1520 2318 Abeamus
1550 2274 1705 2335 igitur
1734 2273 1853 2322 inde

360 2339 590 2401 qualibet
614 2344 968 2404 navigatione3
1013 2346 1110 2390 etsi
1133 2343 1187 2390 id
1212 2343 1435 2406 quidem,
1461 2352 1519 2391 ut
1544 2346 1637 2392 tibi
1664 2346 1853 2394 videbi-

367 2477 433 2571 ml
462 2477 702 2573 gattam&
726 2478 773 2519 in
795 2479 978 2522 brackets
999 2494 1069 2522 are
1092 2482 1287 2533 probably
1309 2496 1336 2523 a
1358 2483 1468 2534 vlo-33
1490 2483 1622 2525 which
1643 2484 1720 2526 hae
1742 2491 1852 2537 crept

358 2544 375 2569 ι
422 2545 447 2571 o
473 2561 476 2564 -
562 2545 582 2572 e
628 2561 639 2572 .

363 2632 453 2675 204
