1988 3008
726 248 1008 296 MARCUS
1052 247 1352 296 TULLIUS
1397 247 1648 295 CICERO

446 378 658 426 Romam
698 380 1002 425 revertisset.
1078 372 1283 432 Verum,
1324 393 1439 423 cum
1478 376 1642 423 habeo
1683 379 1931 423 rationem

445 465 657 520 dierum,
687 472 806 511 ante
835 471 960 528 puto
988 467 1354 520 tramissurum,
1384 480 1536 527 quam
1563 466 1789 527 potuerit
1817 479 1931 510 con—

446 554 612 598 veniri.

510 638 853 701 Epistularum
889 636 1095 701 Pompei
1134 637 1364 695 duarum,
1401 655 1525 701 quas
1562 638 1626 684 ad
1662 654 1743 685 me
1779 641 1932 694 misit,

446 725 823 788 neglegentiam
862 742 1131 788 meamque
1170 728 1221 770 in
1259 725 1579 772 rescribendo
1617 725 1933 789 diligentiam

446 812 576 859 volui
601 813 694 859 tibi
720 819 895 859 notam
922 829 1046 859 esse.
1117 812 1304 859 Earum
1331 812 1565 875 exempla
1589 812 1655 859 ad
1678 819 1732 859 te
1757 815 1883 859 misi.
1967 866 1973 876 J

509 899 735 945 Caesaris
774 899 854 946 hic
893 916 983 962 per
1022 899 1261 962 Apuliam
1300 898 1366 946 ad
1402 898 1723 946 Brundisium
1761 915 1932 947 cursus

445 986 565 1049 quid
586 986 784 1042 efficiat,
806 993 1061 1049 exspecto.
1118 986 1329 1032 Utinam
1350 985 1539 1049 aliquid
1557 986 1717 1033 simile
1739 985 1932 1033 Parthi-

444 1076 513 1119 cis
537 1073 711 1119 rebus!
769 1072 925 1120 Simul
949 1073 1137 1136 aliquid
1161 1073 1383 1129 audier0,
1406 1074 1620 1121 scribam
1644 1073 1710 1121 ad
1730 1081 1800 1122 te.
1856 1073 1932 1122 Tu

446 1160 511 1207 ad
542 1176 624 1207 me
650 1160 798 1206 velim
823 1161 1068 1207 bonorum
1093 1176 1362 1207 sermones.
1424 1160 1614 1208 Romae
1639 1160 1932 1225 frequentes

447 1263 555 1294 esse
573 1247 822 1294 dicuntur.
875 1246 985 1293 Scio
1004 1247 1241 1310 equidem
1257 1254 1311 1294 te
1327 1250 1379 1294 in
1396 1247 1652 1311 publicum
1669 1265 1770 1295 non
1785 1248 1931 1312 prod-

444 1337 534 1390 ire,
559 1334 649 1380 sed
672 1341 845 1380 tamen
872 1334 1044 1381 audire
1069 1341 1122 1381 te
1147 1334 1309 1381 multa
1332 1351 1537 1382 necesse
1564 1342 1656 1382 est.
1718 1334 1932 1383 Memini

444 1421 625 1468 librum
643 1421 735 1466 tibi
758 1420 941 1467 adferri
962 1437 992 1467 a
1012 1421 1276 1468 Demetrio
1299 1420 1548 1485 Magnete
1569 1421 1634 1469 ad
1651 1428 1706 1469 te
1725 1425 1932 1470 missum

445 1507 586 1570 [scio]
606 1507 623 1536 ¹
683 1509 787 1569 περὶ
844 1509 1072 1570 ὁμονοίας.
1165 1508 1295 1554 Eum
1355 1507 1475 1554 mihi
1538 1508 1688 1556 velim
1738 1513 1928 1558 mittas.

444 1593 614 1650 Vides,
639 1611 790 1658 quam
813 1611 1015 1640 causam
1038 1594 1269 1642 mediter.

1132 1794 1240 1840 XIa

587 1907 662 1937 CN.
700 1906 897 1938 MAGNUS
933 1906 1128 1937 PROCOS.
1166 1907 1203 1937 S.
1242 1908 1287 1937 D.
1326 1907 1380 1937 M.
1418 1907 1648 1938 CICERONI
1685 1909 1789 1941 IMP.

96 1989 191 2037 Ser.
208 1990 426 2038 Luceriae
511 1986 572 2044 Q.
614 1987 796 2033 Fabius
836 1987 900 2033 ad
937 2004 1019 2034 me
1058 1990 1197 2034 venit
1227 2004 1270 2033 a.
1303 1988 1350 2034 d.
1385 2004 1463 2033 1111
1506 1989 1624 2035 Idus
1666 1989 1808 2037 Febr.
1881 1990 1928 2037 Is

94 2056 172 2103 IV
194 2057 264 2103 Id·
291 2058 420 2105 Febr·
445 2076 646 2120 nuntiat
673 2072 729 2119 L.
758 2073 1040 2120 Domitium
1064 2091 1179 2120 cum
1204 2077 1303 2120 suis
1328 2073 1615 2121 cohortibus
1640 2091 1710 2121 ΧΗ
1738 2083 1791 2123 et
1815 2093 1930 2124 cum

95 2138 139 2169 a.
163 2124 256 2172 705

444 2158 730 2206 cohortibus
764 2175 894 2214 xnn,
925 2177 1048 2223 quas
1082 2160 1325 2207 Vibullius
1360 2160 1589 2217 adduxit,
1623 2162 1687 2208 ad
1719 2179 1800 2209 me
1832 2166 1931 2210 iter

443 2243 660 2300 habere;
704 2244 937 2292 habuisse
964 2249 1016 2292 in
1043 2250 1209 2294 animo
1236 2247 1477 2310 proficisci
1506 2247 1722 2294 Corfinio
1749 2265 1792 2296 a.
1822 2249 1870 2297 d.
1900 2267 1930 2298 v

446 2330 564 2378 Idus
597 2331 773 2387 Febr.;
823 2331 876 2379 G.
912 2332 1117 2379 Hirrum
1148 2350 1263 2380 cum
1295 2351 1323 2380 v
1355 2332 1642 2380 cohortibus
1674 2336 1926 2400 subsequi.

445 2416 656 2473 Cense0‚
685 2417 749 2464 ad
776 2434 865 2464 nos
896 2417 1158 2466 Luceriam
1187 2423 1372 2467 venias.
1436 2420 1566 2467 Nam
1594 2427 1647 2469 te
1674 2420 1754 2468 hic
1784 2425 1929 2470 tutis-

443 2505 567 2550 sime
590 2511 715 2567 puto
738 2503 859 2551 fore.

864 2599 879 2625 ¹
908 2601 994 2640 scio
1013 2600 1164 2642 deleted
1183 2602 1232 2654 by
1260 2601 1507 2653 Wesenberq.

447 2668 533 2714 134
