1988 3008
99 1373 195 1421 Ser.
231 1373 277 1421 in
314 1374 424 1421 For-

99 1441 249 1487 miano
285 1441 359 1487 IX

100 1507 160 1554 K.
198 1507 362 1563 Mart.,

99 1582 147 1621 ut
178 1574 365 1629 videtur,

101 1659 144 1688 a.
180 1643 270 1691 705

660 240 942 289 MARCUS
986 239 1286 288 TULLIUS
1331 239 1582 287 CICERO

443 388 644 418 causam
667 369 903 417 Pollicem
923 386 1120 416 servum
1141 386 1170 415 a
1189 368 1401 432 pedibus
1421 371 1545 415 meis
1565 367 1777 414 Romam
1796 369 1921 415 misi.

443 439 518 485 Eo
543 445 714 484 autem
739 437 802 484 ad
825 444 879 483 te
903 439 1093 499 scripsi,
1117 443 1191 491 ut,
1216 438 1255 482 si
1279 436 1372 482 tibi
1396 435 1527 482 forte
1551 435 1751 482 reddita
1774 441 1924 491 esset,

444 504 562 551 mihi
597 521 795 551 curares
829 503 1164 558 referendam,
1198 519 1262 549 ne
1296 505 1345 548 in
1380 502 1508 549 illius
1541 518 1718 549 manus
1750 517 1925 565 perve-

444 575 590 618 niret.

509 638 634 684 Novi
659 641 698 683 si
723 636 844 700 quid
869 643 1020 692 esset,
1045 638 1365 699 scripsissem.
1435 633 1638 682 Pendeo
1664 637 1816 681 animi
1841 651 1926 682 ex-

445 707 758 767 spectatione
787 703 1096 758 Corfiniensi,
1123 705 1175 749 in
1202 719 1302 766 qua
1330 702 1393 749 de
1420 702 1582 749 salute
1600 705 1673 748 rei
1693 701 1923 764 publicae

444 771 758 818 decernetur.
810 770 886 816 Tu
912 769 1220 825 fasciculum,
1247 772 1331 832 qui
1359 776 1437 816 est
1465 768 1557 815 M'.
1585 768 1734 816 Curio
1759 770 1927 815 inscri-

444 845 578 902 ptus,
609 837 758 884 velim
787 853 929 883 cures
961 837 1024 883 ad
1056 853 1172 883 eum
1202 835 1560 899 perferendum
1588 835 1926 898 Tironemque

445 904 593 951 Curio
622 904 942 950 commendes
973 911 1043 960 et,
1076 911 1130 951 ut
1161 903 1249 950 det
1281 906 1343 960 ei,
1374 906 1414 950 si
1444 902 1565 967 quid
1595 919 1718 967 opus
1749 905 1846 950 erit
1874 905 1926 949 in

445 978 718 1035 sumptum,
742 987 901 1035 roges.

1150 1179 1220 1226 VI

929 1293 1102 1324 cronno
1137 1292 1309 1324 ATTICO
1332 1285 1441 1324 SAL.

511 1375 792 1439 Obsignata
820 1378 919 1421 iam
948 1378 1044 1421 ista
1073 1373 1304 1437 epistula,
1333 1390 1485 1437 quam
1513 1373 1576 1420 de
1605 1380 1752 1420 nocte
1783 1373 1928 1420 datu-

448 1460 529 1489 rus
562 1459 715 1498 eram,
747 1446 875 1488 sicut
907 1441 1024 1488 dedi
1056 1441 1193 1504 (nam
1225 1457 1338 1487 eam
1369 1443 1564 1504 vesperi
1596 1441 1928 1503 scripseram),

450 1509 503 1556 C.
536 1509 700 1556 Sosius
730 1516 932 1572 praetor
961 1511 1012 1554 in
1042 1508 1362 1554 Formianum
1391 1510 1529 1554 venit
1559 1507 1624 1554 ad
1655 1506 1746 1554 Μ’.
1780 1507 1928 1570 Lepi-

450 1577 585 1630 dum,
613 1578 826 1622 vicinum
853 1582 1096 1631 nostrum,
1121 1578 1259 1621 cuius
1286 1581 1522 1638 quaestor
1547 1573 1658 1621 fuit.
1719 1573 1925 1638 Pompei

452 1643 730 1689 litterarum
757 1642 821 1689 ad
844 1641 1070 1688 consules
1096 1641 1384 1704 exemplum
1409 1640 1610 1688 attulit:

515 1709 540 1725 “
568 1709 794 1756 Litterae
830 1708 951 1755 mihi
989 1726 1019 1755 a
1055 1708 1111 1755 L.
1152 1708 1377 1754 Domitio
1414 1725 1457 1754 a.
1496 1707 1543 1754 d.
1582 1723 1674 1754 xm
1715 1706 1926 1754 Kalend.

453 1775 607 1823 Mart.
640 1776 822 1822 allatae
853 1782 984 1822 sunt.
1052 1775 1239 1822 Earum
1270 1774 1557 1838 exemplum
1585 1773 1714 1821 infra
1742 1777 1928 1838 scripsi.

451 1843 613 1898 Nunc,
642 1850 698 1889 ut
726 1859 820 1906 ego
847 1859 947 1889 non
974 1843 1206 1898 scribam,
1233 1849 1322 1888 tua
1349 1848 1528 1904 sponte
1555 1848 1608 1888 te
1637 1840 1931 1906 intellegere

452 1913 568 1965 scio,
612 1913 788 1972 quanti
830 1912 901 1956 rei
944 1909 1175 1972 publicae
1219 1911 1416 1955 intersit
1459 1925 1632 1955 omnes
1673 1910 1839 1971 copias
1881 1911 1932 1954 in

452 1993 606 2022 unum
632 1976 796 2022 locum
822 1979 982 2039 primo
1009 1992 1208 2039 quoque
1236 1983 1465 2038 tempore
1491 1978 1771 2021 convenire.
1839 1975 1930 2031 Tu,

452 2047 489 2088 si
519 2044 612 2089 tibi
642 2043 909 2099 videbitur,
937 2043 1078 2089 dabis
1107 2059 1329 2105 operam,
1358 2049 1415 2089 ut
1444 2058 1595 2104 quam
1624 2045 1839 2105 primum
1867 2041 1932 2088 ad

453 2127 540 2155 nos
583 2113 766 2165 venias,
806 2109 1042 2172 praesidii
1083 2108 1286 2172 Capuae
1328 2115 1574 2172 quantum
1613 2111 1932 2156 constitueris

453 2179 572 2222 satis
600 2192 725 2231 esse,
752 2174 1051 2239 relinquas.''

517 2242 715 2289 Deinde
768 2246 1028 2305 supposuit
1080 2242 1368 2304 exemplum
1420 2240 1665 2304 epistulae
1718 2241 1929 2298 Domiti,

453 2309 588 2371 quod
615 2326 709 2372 ego
738 2309 801 2356 ad
828 2316 880 2355 te
909 2309 1068 2372 pridie
1096 2312 1343 2355 miseram.
1400 2308 1462 2354 Di
1493 2307 1818 2364 immortales,
1846 2311 1929 2372 qui

451 2391 533 2421 me
567 2374 737 2422 horror
770 2375 1018 2438 perfudit!
1073 2392 1222 2438 quam
1258 2391 1368 2421 sum
1402 2374 1657 2430 sollicitus,
1692 2375 1932 2438 quidnam

453 2440 679 2487 futurum
724 2442 813 2488 sit!
882 2442 991 2488 Hoc
1036 2449 1207 2488 tamen
1255 2457 1416 2504 spero,
1461 2457 1701 2504 magnum
1745 2458 1929 2489 nomen

455 2510 767 2570 imperatoris
822 2507 944 2562 fore,
998 2525 1237 2572 magnum
1290 2511 1338 2553 in
1396 2507 1614 2554 adventu
1668 2514 1927 2555 terrorem.

454 2572 608 2636 Spero
631 2577 802 2630 etiam,
825 2577 1059 2638 quoniam
1083 2574 1244 2622 adhuc
1267 2573 1385 2621 nihil
1411 2575 1549 2621 nobis
1573 2573 1735 2621 obfuit
1756 2574 1780 2629 †
1807 2574 1928 2622 nihil

459 2663 543 2707 118
