2014 3008
744 246 1029 294 MARCUS
1073 247 1376 295 TULLIUS
1423 247 1674 296 CICERO

458 391 575 421 eum
613 377 665 420 in
704 374 826 421 Asia
865 375 1104 422 dicuntur
1142 378 1343 432 morari,
1381 379 1603 423 maxime
1645 375 1942 426 Pharnaces.

458 451 617 514 Legio
653 467 744 507 ΧΠ,
781 451 847 498 ad
885 468 1039 515 quam
1076 455 1295 515 primam
1336 452 1472 499 Sulla
1509 457 1666 510 venit,
1703 454 1953 518 lapidibus

457 531 620 591 egisse
647 527 906 575 hominem
934 528 1134 583 dicitur.
1205 529 1407 575 Nullam
1434 537 1621 593 putant
1649 547 1703 577 se
1732 547 1951 578 commo-

454 612 638 651 turam.
709 604 856 651 Illum
895 606 1275 652 arbitrabantur
1312 609 1542 669 protinus
1584 605 1748 654 Patris
1787 610 1841 654 in
1879 607 1954 655 Si-

454 682 636 727 ciliam.
705 680 823 737 Sed,
854 684 893 728 si
925 681 1020 728 hoc
1050 685 1125 729 ita
1157 690 1251 738 est,
1283 681 1381 729 huc
1413 687 1585 730 veniat
1616 700 1824 731 necesse
1858 692 1952 732 est.

455 759 532 805 Ac
559 757 761 804 mallem
786 758 938 813 illim;
983 758 1150 822 aliquo
1177 763 1314 806 enim
1340 760 1489 806 modo
1515 759 1631 807 hinc
1659 763 1950 808 evasissem.

457 835 603 881 Nunc
638 841 829 891 metuo,
865 851 929 882 ne
964 838 1030 881 sit
1066 836 1468 898 exspectandum
1503 843 1558 883 et
1592 853 1709 883 cum
1742 836 1951 900 reliquis

457 915 614 958 etiam
638 911 734 957 loci
758 914 979 974 gravitas
1003 911 1120 958 huic
1145 915 1455 959 miserrimae
1480 913 1798 976 perferenda.

520 988 670 1046 Quod
704 1004 786 1034 me
822 1004 1014 1044 mones,
1051 995 1109 1034 ut
1145 1005 1222 1045 ea,
1259 1005 1389 1052 quae
1427 1006 1593 1053 agam,
1631 990 1698 1037 ad
1733 997 1939 1054 tempus

458 1064 851 1120 accommodem,
889 1064 1127 1121 facerem,
1165 1069 1205 1111 si
1243 1082 1321 1112 res
1359 1073 1641 1129 pateretur,
1681 1073 1735 1113 et
1773 1070 1812 1114 si
1853 1067 1954 1114 ullo

459 1142 608 1188 modo
654 1141 760 1187 fieri
805 1149 990 1204 posset.
1059 1141 1160 1188 Sed
1203 1145 1254 1188 in
1298 1145 1455 1189 tantis
1500 1146 1684 1190 nostris
1728 1147 1955 1207 peccatis

458 1221 717 1281 tantisque
742 1225 1027 1264 nostrorum
1051 1221 1242 1265 iniuriis
1260 1219 1383 1265 nihil
1401 1226 1497 1275 est,
1518 1219 1654 1282 quod
1673 1227 1763 1267 aut
1781 1218 1955 1267 facere

458 1295 669 1358 dignum
693 1295 834 1341 nobis
859 1302 948 1341 aut
971 1295 1205 1342 simulare
1229 1299 1430 1358 possim.
1500 1295 1704 1343 Sullana
1726 1296 1954 1352 confers3

458 1374 510 1417 in
541 1372 720 1434 quibus
750 1374 918 1417 omnia
946 1388 1134 1435 genere
1164 1375 1271 1434 ipso
1301 1372 1700 1435 praeclarissima
1729 1372 1955 1430 fuerunt,

459 1448 810 1494 moderatione
845 1448 995 1511 paulo
1029 1451 1194 1495 minus
1229 1455 1531 1512 temperata.
1602 1449 1744 1496 Haec
1778 1457 1955 1497 autem

461 1528 566 1571 eius
600 1525 734 1571 modi
768 1532 902 1580 sunt,
936 1532 993 1571 ut
1025 1525 1287 1571 obliviscar
1317 1528 1435 1581 mei,
1468 1525 1731 1589 multoque
1763 1526 1952 1583 malim,

460 1601 597 1664 quod
635 1603 864 1647 omnibus
904 1604 970 1648 sit
1016 1601 1211 1657 melius,
1252 1619 1404 1665 quam
1424 1602 1443 1631 1
1483 1619 1696 1666 quorum
1736 1603 1950 1650 utilitati

459 1694 628 1724 meam
658 1677 879 1724 adiunxi.
946 1678 1024 1725 Tu
1053 1678 1119 1725 ad
1146 1695 1228 1725 me
1259 1686 1435 1725 tamen
1464 1678 1616 1726 velim
1651 1696 1805 1742 quam
1841 1696 1950 1727 sae·
1999 1738 2002 1740 Α

460 1758 663 1818 pissime
697 1756 883 1801 scribas
919 1771 1080 1818 eoque
1115 1758 1294 1819 magis,
1331 1756 1466 1819 quod
1498 1763 1768 1819 praeterea
1802 1773 1953 1803 nemo

460 1833 649 1887 scribit,
666 1847 741 1887 ac,
757 1834 797 1877 si
813 1848 1004 1888 omnes,
1021 1838 1135 1879 tuas
1150 1839 1326 1879 tamen
1349 1835 1569 1879 maxime
1597 1840 1952 1896 exspectarem

460 1907 611 1966 Quod
639 1909 812 1954 scribis
842 1907 982 1954 illum
1011 1925 1103 1972 per
1132 1925 1214 1955 me
1245 1909 1436 1967 Quinto
1467 1909 1574 1956 fore
1606 1908 1953 1972 placatiorem,

461 1987 633 2047 scripsi
669 1985 735 2031 ad
769 1992 823 2031 te
860 1992 1013 2031 antea
1049 2002 1167 2032 eum
1203 1988 1378 2032 statim
1415 1985 1606 2044 Quinto
1643 1985 1743 2033 filio
1781 1989 1950 2033 omnia

459 2062 712 2116 tribuisse,
739 2064 897 2108 nostri
923 2061 1113 2108 nullam
1140 2065 1465 2109 mentionem.
1536 2061 1673 2109 Vale.

522 2187 536 2210 1
567 2199 697 2237 quam
725 2187 856 2227 added
884 2188 935 2237 by
964 2188 1150 2240 Madriy,
1180 2189 1268 2230 who
1295 2189 1385 2229 also
1409 2188 1560 2229 altered
1586 2188 1651 2229 the
1678 2189 1810 2229 MSS.
1839 2188 1954 2230 read-

461 2239 532 2290 inq
557 2240 794 2280 utilitatem
814 2247 855 2282 ιο
875 2241 1071 2282 utilitati.

461 2653 552 2696 414
