2014 3008
750 219 1033 267 MARCUS
1078 219 1379 267 TULLIUS
1426 218 1677 268 CICERO

466 355 628 395 strum
653 347 679 364 ’'
710 348 860 411 plane
889 348 1030 403 dico;
1078 365 1355 412 numquam
1385 351 1519 396 enim
1549 349 1614 396 de
1643 356 1697 396 te
1727 352 1834 413 ipso
1863 353 1951 398 nisi

465 415 806 462 crudelissime
850 418 1132 479 cogitatum
1177 423 1270 463 est.
1340 415 1509 475 Quare
1554 415 1830 463 voluntatis
1873 434 1955 465 me

464 498 611 528 meae
662 498 938 545 numquam
986 483 1290 545 paenitebit,
1340 482 1529 530 consilii
1580 485 1826 546 paenitet.
1896 484 1954 530 In

465 548 650 611 oppido
689 548 856 612 aliquo
894 548 1098 595 mallem
1135 549 1399 605 resedisse,
1438 550 1606 612 quoad
1645 565 1955 606 accerserer3

467 618 631 661 minus
662 617 904 662 sermonis
934 616 1195 672 subissem,
1225 619 1390 663 minus
1421 618 1726 679 accepissem
1756 615 1953 674 doloris,

462 684 633 744 ‘ipsum
651 680 746 728 hoc
763 698 846 728 me
865 698 966 728 non
984 689 1211 746 angeret.
1279 682 1511 730 Brundisi
1530 685 1695 730 iacere
1713 686 1766 729 in
1783 699 1955 730 omnes

469 755 641 811 partes
674 755 753 795 est
783 747 1068 795 molestum.
1137 747 1346 812 Propius
1378 749 1637 806 accedere,
1668 756 1727 796 ut
1757 749 1954 807 suades,

473 831 574 877 quo
608 814 758 861 modo
794 817 899 861 sine
934 815 1210 872 lictoribus,
1246 832 1371 879 quos
1404 815 1617 879 populus
1652 815 1811 872 dedit,
1845 833 1954 880 pos-

474 882 619 927 sum?
657 885 741 944 qui
760 881 881 928 mihi
900 882 1134 929 incolumi
1154 882 1307 929 adimi
1326 899 1426 929 non
1443 889 1667 946 possunt.
1705 881 1842 941 Quos
1861 899 1955 947 ego

470 965 601 994 nunc
620 948 873 1011 paulisper
891 965 1005 995 cum
1023 948 1214 996 bacillis
1232 952 1285 995 in
1303 950 1506 996 turbam
1524 951 1713 996 conieci
1734 949 1799 996 ad
1818 953 1955 1014 oppi-

469 1014 589 1061 dum
617 1015 879 1071 accedens,
908 1032 972 1062 ne
1000 1018 1110 1079 quis
1137 1018 1357 1080 impetus
1384 1015 1602 1062 militum
1630 1015 1790 1063 fleret.
1860 1015 1954 1063 Re-

469 1081 604 1144 liquo
652 1089 882 1145 tempore
930 1098 1013 1129 me
1063 1081 1198 1129 domi
1246 1082 1427 1130 tenui}
1494 1082 1576 1129 Ad
1625 1081 1850 1146 Oppium
1899 1089 1953 1130 et

469 1147 682 1195 Balbum
717 1147 928 1211 scripsi,2
965 1165 1184 1212 quonam
1218 1152 1276 1195 iis
1311 1149 1534 1212 placeret
1569 1149 1718 1196 modo
1752 1152 1954 1212 propius

471 1215 731 1270 accedere,
768 1223 827 1262 ut
863 1214 958 1261 hac
996 1216 1059 1262 de
1096 1232 1151 1263 re
1188 1216 1578 1263 considerarent.
1647 1215 1810 1263 Credo
1847 1215 1953 1263 fore

469 1289 714 1328 auctores.
783 1281 863 1328 Sic
893 1285 1027 1329 enim
1055 1285 1323 1346 recipiunt,
1353 1281 1553 1329 Caesari
1585 1298 1684 1329 non
1711 1281 1862 1329 modo
1890 1282 1954 1330 de

470 1347 827 1405 conservanda,
864 1348 954 1396 sed
990 1352 1146 1396 etiam
1181 1349 1245 1396 de
1282 1349 1516 1413 augenda
1552 1365 1667 1396 mea
1701 1348 1952 1413 dignitate

470 1431 619 1462 curae
651 1414 775 1470 fore,
807 1431 991 1479 meque
1024 1415 1307 1473 hortantur,
1340 1423 1398 1463 ut
1428 1432 1613 1480 magno
1645 1418 1812 1462 animo
1843 1419 1952 1472 sim,

470 1489 527 1528 ut
552 1485 720 1528 omnia
744 1498 940 1528 summa
964 1498 1177 1545 sperem.
1245 1482 1321 1529 Ea
1345 1483 1613 1546 spondent,
1638 1482 1950 1530 confirmant.

470 1548 615 1606 Quae
647 1548 852 1611 quidem
883 1548 1004 1595 mihi
1036 1549 1373 1612 exploratiora
1404 1556 1591 1605 essent,
1622 1552 1662 1596 si
1692 1551 1953 1596 remansis-

469 1632 590 1662 sem.
659 1614 761 1662 Sed
781 1618 954 1678 ingero
976 1618 1280 1679 praeterita3
1320 1615 1451 1672 vide,
1474 1632 1678 1679 quaeso,
1699 1618 1855 1679 igitur
1876 1631 1951 1672 ea,

469 1698 599 1744 quae
619 1689 832 1738 restant,
851 1689 905 1729 te
932 1682 1139 1745 explora
1163 1699 1279 1730 cum
1303 1685 1428 1739 istis,
1449 1690 1520 1738 et,
1539 1685 1579 1729 si
1603 1684 1805 1746 putabis
1831 1699 1953 1746 opus

469 1765 596 1804 esse,
628 1756 681 1795 et
710 1751 750 1795 si
780 1751 888 1795 istis
917 1748 1155 1812 placebit,
1186 1766 1286 1813 quo
1315 1751 1475 1813 magis
1505 1748 1697 1796 factum
1728 1755 1953 1797 nostrum

470 1814 654 1861 Caesar
676 1816 857 1878 probet
881 1819 1019 1878 quasi
1045 1815 1108 1862 de
1132 1832 1335 1863 suorum
1357 1819 1612 1863 sententia
1635 1815 1844 1872 factum,
1869 1815 1952 1863 ad-

468 1881 738 1928 hibeantur
769 1882 1063 1939 Trebonius,
1097 1881 1277 1938 Pansa,
1309 1885 1349 1929 si
1382 1885 1463 1946 qui
1500 1882 1599 1938 alii,
1631 1883 1952 1946 scribantque

471 1949 536 1994 ad
562 1948 828 1995 Caesarem
853 1966 952 2004 me,
979 1950 1217 2013 quicquid
1243 1949 1465 2005 fecerim,
1493 1949 1557 1996 de
1585 1965 1674 1995 sua
1701 1951 1950 1996 sententia

470 2014 662 2061 fecisse.

531 2081 725 2128 Tulliae
762 2098 907 2128 meae
943 2083 1144 2129 morbus
1180 2089 1235 2129 et
1268 2081 1585 2129 imbecillitas
1620 2085 1836 2146 corporis
1871 2098 1952 2129 me

470 2151 742 2194 exanimat.
811 2147 978 2206 Quam
1007 2150 1100 2195 tibi
1130 2148 1372 2212 intellego
1402 2165 1617 2213 magnae
1647 2162 1805 2196 curae
1827 2165 1950 2205 esse,

469 2214 605 2277 quod
633 2221 711 2261 est
738 2214 859 2261 mihi
887 2218 1243 2280 gratissimum.
1312 2216 1394 2263 De
1425 2214 1632 2280 Pompei
1662 2218 1804 2263 exitu
1831 2214 1948 2262 mihi

526 2385 542 2409 ¹
571 2385 755 2437 Reliquo
779 2389 973 2437 tempore
997 2399 1066 2426 me
1089 2386 1206 2427 domi
1232 2388 1351 2427 tenui
1379 2388 1446 2428 Ho
1463 2400 1595 2427 mann
1614 2402 1623 2426 :
1663 2387 1822 2438 recipio
1845 2391 1937 2426 tem

469 2450 570 2489 pore
596 2452 661 2478 me
683 2439 813 2479 domo
836 2445 880 2479 te
902 2453 1016 2480 nunc
1039 2440 1091 2479 M
1093 2440 1171 2480 SS.

527 2493 542 2516 ²
574 2492 758 2533 Balbum
773 2495 922 2545 scripsi
935 2493 1067 2535 added
1080 2494 1132 2546 by
1147 2494 1379 2535 Lambinus
1392 2493 1477 2534 and
1491 2493 1719 2535 Lehmann.

468 2630 557 2690 366
