1988 3042
703 218 987 266 MARCUS
1030 218 1333 267 TULLIUS
1378 218 1629 266 CICERO

413 347 641 410 probum.
712 345 846 393 Nihil
874 346 973 394 vidi
1001 346 1194 394 melius,
1265 347 1447 410 Itaque
1474 363 1625 394 careo
1653 362 1808 411 aegre
1837 353 1906 403 et,

414 449 720 496 quamquam
747 433 1014 480 videbatur
1039 449 1094 480 se
1120 450 1220 480 non
1246 437 1471 497 graviter
1497 432 1708 489 habere,
1732 440 1906 480 tamen

413 535 524 565 sum
548 519 806 575 sollicitus,
831 522 1206 583 maximamque
1231 535 1374 583 spem
1399 518 1563 567 habeo
1587 522 1638 566 in
1666 518 1757 567 M’.
1785 519 1903 566 Curi

413 604 694 668 diligentia,
723 605 787 652 de
817 622 916 669 qua
946 605 1011 652 ad
1039 621 1121 652 me
1148 609 1351 669 scripsit
1379 606 1496 653 Tiro
1526 613 1579 653 et
1607 605 1753 653 multi
1784 622 1908 652 nun-

413 693 620 739 tiarunt.
691 690 869 738 Curius
893 698 1067 739 autem
1088 695 1196 755 ipse
1219 695 1394 748 sensit,
1419 709 1572 756 quam
1593 699 1652 740 tu
1674 691 1830 740 velles
1853 708 1907 738 se

414 794 444 823 a
465 793 547 824 me
569 777 728 842 diligi,
751 785 803 825 et
827 793 888 825 eo
909 795 1021 825 sum
1043 778 1317 826 admodum
1339 778 1638 826 delectatus.
1708 778 1776 826 Et
1800 794 1906 825 me-

414 863 616 910 hercule
653 872 749 920 est‚
774 881 926 928 quam
961 864 1108 911 facile
1141 865 1338 928 diligas,
1364 867 1602 930 αὐτόχθων
1626 868 1677 911 in
1702 863 1907 912 homine

416 950 688 998 urbanitas.
758 941 878 997 Eius
906 958 1276 998 testamentum
1304 951 1518 1015 deporto
1545 954 1701 999 trium
1721 951 1740 981 1
1769 950 1908 998 Cice-

414 1053 591 1083 ronum
644 1040 798 1101 signis
853 1038 1176 1101 obsignatum
1229 1036 1550 1101 cohortisque
1604 1041 1905 1101 praetoriae.

417 1123 556 1170 Fecit
579 1123 746 1186 palam
766 1131 821 1171 te
845 1139 908 1170 ex
930 1123 1117 1180 libella,
1139 1139 1221 1171 me
1245 1139 1307 1171 ex
1329 1127 1603 1172 terruncio.
1676 1123 1735 1170 In
1757 1124 1908 1171 Actio

415 1209 664 1272 Corcyrae
685 1209 867 1257 Alexio
884 1226 967 1256 me
985 1213 1192 1274 opipare
1210 1218 1505 1258 muneratus
1525 1217 1618 1258 est.
1688 1210 1749 1269 Q.
1770 1210 1909 1257 Cice-

417 1299 521 1342 roni
549 1296 724 1343 obsisti
750 1313 849 1343 non
876 1300 1064 1359 potuit,
1090 1314 1189 1360 quo
1214 1300 1377 1344 minus
1403 1296 1670 1361 Thyamim
1695 1297 1906 1344 videret.

418 1381 590 1429 Filiola
611 1389 701 1430 tua
724 1389 779 1429 te
800 1382 1043 1431 delectari
1074 1383 1236 1430 laetor
1261 1391 1314 1431 et
1346 1384 1547 1446 probari
1579 1383 1672 1431 tibi
1707 1385 1911 1447 φυσικὴν

417 1484 527 1515 esse
549 1471 632 1532 τὴν
649 1471 763 1532 πρὸς
785 1471 843 1518 τὰ
863 1471 1014 1518 τέκνα.
1080 1469 1304 1527 Etenim,
1325 1473 1366 1516 si
1388 1469 1513 1517 haec
1535 1486 1635 1517 non
1658 1477 1754 1527 est,
1771 1469 1907 1517 nulla

418 1562 585 1617 potest
619 1553 806 1602 homini
842 1571 952 1602 esse
986 1555 1051 1602 ad
1083 1554 1339 1602 hominem
1372 1563 1587 1603 naturae
1621 1556 1909 1612 adiuncti03

418 1658 517 1704 qua
533 1641 733 1689 sublata
750 1646 884 1689 vitae
902 1645 1116 1689 societas
1134 1642 1344 1690 tollitur.
1415 1641 1442 1659 “
1466 1642 1604 1689 Bene
1623 1643 1851 1691 eveniat!
1877 1641 1907 1658 ’⁹

418 1731 579 1790 inquit
602 1727 888 1775 Carneades
909 1745 1108 1791 spurce,
1129 1728 1219 1775 sed
1239 1735 1413 1775 tamen
1434 1728 1733 1792 prudentius
1755 1746 1906 1792 quam

421 1813 602 1860 Lucius
630 1821 803 1861 noster
829 1822 882 1861 et
912 1814 1116 1871 Patron,
1144 1818 1246 1878 qui,
1272 1831 1388 1862 cum
1414 1818 1582 1862 omnia
1607 1815 1673 1862 ad
1699 1831 1753 1862 se
1779 1815 1908 1862 refe-

420 1907 549 1956 rant,
578 1917 853 1964 numquam
882 1905 1151 1964 quicquam
1178 1901 1385 1948 alterius
1412 1917 1562 1948 causa
1590 1901 1698 1948 fieri
1725 1909 1908 1965 putent

421 1994 490 2042 et,
516 2003 629 2033 cum
658 2002 719 2033 ea
743 2002 798 2033 re
824 1987 1012 2034 bonum
1038 1991 1200 2034 virum
1226 1994 1463 2051 oportere
1491 2002 1600 2034 esse
1626 1987 1816 2044 dicant,
1842 2005 1907 2035 ne

420 2072 607 2118 malum
642 2071 846 2129 habeat,
883 2090 981 2120 non
1018 2090 1117 2136 quo
1152 2074 1203 2121 id
1238 2080 1421 2120 natura
1454 2080 1652 2120 rectum
1685 2076 1769 2130 sit,
1807 2090 1906 2121 non

421 2157 720 2222 intellegant
749 2174 803 2205 se
834 2159 897 2206 de
927 2159 1106 2207 callido
1135 2158 1338 2206 homine
1367 2159 1520 2223 loqui,
1549 2175 1648 2206 non
1678 2159 1742 2207 de
1772 2160 1907 2207 bono

421 2247 538 2291 viro.
607 2242 707 2305 Sed
745 2243 886 2301 haec,
925 2248 1118 2308 opinor,
1155 2253 1272 2293 sunt
1311 2249 1362 2291 in
1398 2249 1456 2292 iis
1495 2245 1651 2302 libris,
1690 2262 1812 2309 quos
1851 2253 1907 2293 tu

422 2328 677 2377 laudando
701 2333 891 2378 animos
915 2330 1036 2378 mihi
1060 2331 1313 2379 addidisti.

485 2414 656 2462 Redeo
673 2416 735 2462 ad
751 2432 874 2463 rem.
944 2416 1056 2475 Quo
1072 2417 1220 2464 modo
1238 2418 1597 2480 exspectabam
1616 2417 1902 2480 epistulam,

534 2527 548 2550 ¹
576 2526 812 2567 detortorio
840 2528 891 2567 M
911 2543 919 2567 :
964 2528 1250 2568 detortorium
1277 2529 1370 2577 023
1413 2543 1514 2570 corr.
1541 2530 1592 2580 by
1617 2529 1648 2569 J
1652 2531 1794 2570 unius.

426 2617 478 2660 14
