1988 3008
99 1990 195 2036 Ser.
220 1989 267 2036 in

99 2056 282 2102 Arcano

99 2122 257 2175 Quinti
270 2120 350 2185 fr.

95 2196 239 2252 postr.
265 2187 388 2234 Non.

99 2254 212 2319 Apr.
240 2271 283 2301 a.
312 2255 405 2304 705

733 147 1017 195 MARCUS
1061 147 1363 196 TULLIUS
1409 147 1661 196 CICERO

451 283 719 339 exspect03
771 292 895 339 quas
930 275 1135 339 quidem
1167 276 1318 323 credo
1350 279 1452 322 iam
1485 276 1630 323 datas
1665 293 1789 324 esse.
1863 277 1939 324 Tu

449 371 564 400 cum
595 352 751 399 Sexto
783 355 994 399 servasti
1024 355 1332 416 gravitatem
1363 353 1597 409 eandem,
1629 370 1781 416 quam
1811 353 1937 400 mihi

448 432 710 493 praecipis.
780 429 926 476 Celer
980 436 1099 476 tuus
1156 429 1373 476 disertus
1430 432 1594 493 magis
1651 437 1729 476 est
1785 446 1939 492 quam

449 509 662 568 sapiens.
733 506 813 552 De
842 506 1105 552 iuvenibus
1137 522 1268 568 quae
1300 522 1363 552 ex
1393 505 1556 552 Tullia
1585 506 1791 562 audisti,
1820 522 1939 553 vera

453 589 586 629 sunt.
658 581 955 629 Mucianum
973 582 994 611 1
1041 582 1196 638 istud,
1245 582 1381 645 quod
1429 583 1619 639 scribis,
1668 599 1769 629 non
1816 581 1938 629 mihi

449 658 649 705 videtur
684 665 793 705 tam
828 675 882 705 re
920 675 1029 705 esse
1066 662 1213 706 triste
1251 676 1404 722 quam
1440 659 1608 706 verbo.
1678 659 1823 706 Haec
1859 666 1938 706 est

449 738 564 797 ἄλη,
598 738 651 781 in
685 752 786 798 qua
824 751 958 782 nunc
992 752 1180 792 sumus,
1214 739 1389 782 mortis
1422 738 1594 782 instar.
1662 736 1770 783 Aut
1804 738 1939 782 enim

449 811 570 859 mihi
595 812 754 859 libere
779 815 914 859 inter
938 812 1095 859 malos
1120 814 1418 862 πολιτευτέον
1444 811 1541 859 fuit
1570 819 1660 859 aut
1694 812 1775 860 vel
1808 815 1939 876 peri-

450 889 618 935 culose
633 906 748 935 cum
761 890 919 936 bonis.
989 889 1096 936 Aut
1111 896 1315 952 oportet
1329 892 1678 936 temeritatem
1691 890 1936 936 bonorum

450 982 720 1029 sequamur
770 973 860 1012 aut
910 966 1174 1012 audaciam
1223 960 1565 1029 improborum
1614 969 1934 1013 insectemur.

451 1042 740 1105 Utrumque
782 1042 1119 1105 periculosum
1161 1050 1256 1099 est,
1300 1049 1354 1090 at
1394 1041 1506 1100 hoc,
1549 1042 1684 1106 quod
1725 1045 1936 1106 agimus,

449 1126 598 1182 turpe
621 1135 716 1166 nec
738 1125 914 1166 tamen
935 1126 1122 1166 tutum.

515 1196 696 1252 Istum,
735 1199 820 1259 qui
860 1196 1017 1242 filium
1054 1196 1374 1243 Brundisium
1412 1196 1476 1243 de
1514 1212 1639 1260 pace
1677 1199 1814 1243 misit
1852 1196 1936 1258 (de

450 1289 575 1336 pace
592 1273 729 1319 idem
746 1275 910 1319 sentio
928 1273 1063 1335 quod
1078 1279 1154 1329 tu,
1171 1273 1544 1320 simulationem
1562 1289 1670 1320 esse
1689 1280 1936 1336 apertam,

449 1353 615 1412 parari
646 1356 820 1396 autem
850 1352 1092 1396 acerrime
1121 1349 1349 1421 bellum),
1378 1366 1461 1396 me
1490 1349 1718 1413 legatum
1746 1352 1806 1395 iri
1836 1366 1936 1395 non

449 1427 679 1482 arbitror,
711 1430 850 1472 cuius
884 1425 1064 1482 adhuc,
1097 1433 1156 1472 ut
1187 1429 1375 1489 optavi,
1407 1429 1601 1473 mentio
1632 1425 1770 1472 facta
1800 1426 1937 1472 nulla

449 1506 528 1550 sit.
596 1503 672 1549 Eo
716 1506 879 1549 minus
922 1502 1086 1549 habeo
1131 1519 1336 1549 necesse
1381 1504 1598 1549 scribere
1643 1510 1731 1549 aut
1776 1506 1935 1549 etiam

449 1582 690 1644 cogitare,
715 1579 836 1643 quid
858 1582 952 1626 sim
974 1578 1216 1636 facturus,
1239 1583 1279 1626 si
1302 1579 1560 1636 acciderit,
1583 1586 1641 1626 ut
1662 1579 1872 1643 legarer.

1168 1782 1218 1828 II

935 1894 1109 1925 CICERO
1143 1894 1317 1924 ATTICO
1351 1893 1448 1926 SAL.

514 1975 624 2039 Ego
650 1992 763 2022 cum
791 1979 1095 2038 accepissem
1119 1982 1234 2022 tuas
1258 1975 1454 2023 litteras
1481 1974 1635 2022 Nonis
1661 1974 1933 2038 Aprilibus,

452 2068 576 2114 quas
601 2051 841 2115 Cephalio
866 2051 1127 2108 attulerat,
1151 2068 1415 2115 essemque
1443 2051 1730 2098 Menturnis
1753 2054 1934 2115 postri-

452 2128 534 2174 die
585 2145 865 2185 mansurus,
915 2135 974 2175 ut
1023 2129 1140 2175 inde
1190 2131 1436 2192 protinus,
1486 2131 1700 2175 sustinui
1750 2144 1833 2174 me
1882 2131 1934 2174 in

452 2205 652 2251 Arcano
689 2204 876 2261 fratris,
914 2212 988 2261 ut,
1027 2205 1148 2252 dum
1186 2204 1374 2268 aliquid
1411 2207 1596 2252 certius
1634 2203 1933 2260 adferretur,

452 2281 724 2327 occultiore
780 2284 832 2326 in
889 2281 996 2328 loco
1054 2298 1293 2338 essemus,
1352 2288 1724 2345 agerenturque
1781 2279 1933 2327 nihilo

450 2360 631 2414 minus,
655 2373 785 2421 quae
810 2360 916 2404 sine
939 2359 1081 2405 nobis
1105 2361 1188 2422 agi
1209 2365 1433 2421 possunt.

821 2463 838 2488 ²
866 2463 1115 2503 Mucianum
1131 2463 1237 2505 Reid
1254 2478 1271 2512 ,·
1299 2464 1469 2504 Maeoni
1485 2463 1617 2505 MSS.

450 2540 540 2599 276
