1988 3008
690 150 975 199 MARCUS
1018 150 1320 199 TULLIUS
1365 150 1616 198 CICERO

408 281 546 330 tur.”
611 280 640 298 ‘⁴
659 281 761 328 Cur
801 288 974 327 autem
1013 279 1138 327 sex?
1162 277 1192 294 ''
1233 278 1261 295 “
1282 278 1414 337 Quia
1451 295 1524 325 ΧΠ
1563 278 1727 335 nolui;
1780 296 1899 326 nam

409 356 645 406 licebat.”
693 358 823 404 Tum
839 374 934 421 ego
950 355 978 373 “
997 356 1163 415 Quam
1174 354 1409 411 vellem‚'’
1424 359 1648 419 inquam,
1665 355 1693 372 ‘⁴
1708 359 1898 419 petisse

409 436 474 482 ab
501 452 578 491 eo,
605 435 740 498 quod
765 433 913 481 audio
941 432 1229 496 Philippum
1253 432 1580 496 impetrasse!
1647 431 1748 479 Sed
1771 435 1900 479 veri-

409 520 491 559 tus
507 529 635 567 sum,
652 515 769 575 quia
784 510 866 557 ille
882 527 912 556 a
928 526 1009 556 me
1026 508 1149 556 nihil
1163 507 1530 572 impetrabat.’'
1546 507 1575 525 “
1601 506 1900 565 Libenter,”

411 592 592 651 inquit,
608 587 636 604 “
659 588 752 635 tibi
767 585 1121 634 concessisse.’'
1158 585 1348 632 Verum
1364 593 1491 649 puta
1504 592 1559 633 te
1574 589 1898 648 impetrasse3

412 683 507 729 ego
531 669 664 712 enim
686 664 751 711 ad
774 681 890 711 eum
919 663 1153 720 scribam,
1174 670 1232 710 ut
1261 670 1322 710 tu
1352 666 1460 725 ipse
1493 663 1645 719 voles,
1667 662 1731 709 de
1764 679 1825 709 ea
1845 679 1900 710 re

412 760 500 790 nos
543 746 677 789 inter
717 758 804 788 nos
841 741 1047 788 locutos.
1129 739 1264 798 Quid
1298 748 1472 787 autem
1505 739 1633 787 illius
1668 743 1901 796 interest,

412 824 648 884 quoniam
675 822 726 864 in
752 826 986 865 senatum
1012 834 1113 864 non
1140 820 1296 873 venis,
1324 818 1410 863 ubi
1436 816 1538 864 sis?
1606 816 1742 876 Quin
1768 833 1900 864 nunc

410 900 575 959 ipsum
593 899 798 942 minime
818 894 1107 942 offendisses
1129 898 1234 941 eius
1254 910 1475 950 causam,
1493 896 1535 940 si
1554 896 1607 940 in
1630 893 1780 941 Italia
1800 910 1900 941 non

411 971 642 1020 fuisses.''
708 972 790 1018 Ad
818 988 947 1035 quae
977 988 1071 1035 ego
1099 988 1181 1018 me
1207 987 1463 1018 recessum
1491 977 1545 1018 et
1573 970 1901 1018 solitudinem

412 1066 676 1114 quaerere,
701 1052 921 1096 maxime
948 1048 1082 1111 quod
1098 1048 1300 1095 lictores
1325 1046 1584 1095 haberem.
1653 1047 1902 1096 Laudavit

412 1127 686 1174 consilium.
755 1125 783 1141 “
803 1125 938 1184 Quid
993 1125 1149 1189 ergo?
1173 1123 1203 1139 ''
1259 1128 1465 1189 inquam
1479 1140 1492 1181 ;
1558 1123 1586 1140 “
1609 1141 1728 1172 nam
1781 1124 1900 1172 mihi

411 1221 582 1251 cursus
601 1207 653 1250 in
671 1203 939 1250 Graeciam
956 1219 1049 1266 per
1065 1210 1209 1249 tuam
1226 1205 1534 1265 provinciam
1553 1209 1649 1259 est,
1667 1206 1902 1266 quoniam

413 1282 478 1327 ad
506 1297 645 1327 mare
673 1296 913 1343 superum
947 1279 1131 1326 milites
1166 1277 1338 1326 sunt.''
1406 1277 1434 1295 “
1458 1278 1593 1338 Quid
1626 1277 1802 1336 mihi,”
1830 1282 1902 1326 in-

414 1361 541 1421 quit,
584 1356 612 1373 “
635 1356 893 1420 optatius?
916 1355 946 1372 '’
1012 1356 1123 1403 Hoc
1163 1356 1271 1403 loco
1313 1356 1474 1403 multa
1514 1356 1901 1419 perliberaliter.

413 1435 549 1499 Ergo
578 1433 671 1481 hoc
701 1434 906 1497 quidem
936 1441 1014 1481 est
1042 1433 1348 1496 profectum,
1377 1440 1435 1480 ut
1464 1450 1565 1480 non
1593 1433 1742 1480 modo
1771 1440 1902 1490 tuto,

414 1529 589 1559 verum
613 1514 769 1558 etiam
791 1511 959 1574 palam
982 1513 1348 1574 navigaremus.

478 1588 691 1652 Reliqua
734 1591 786 1634 in
830 1595 1092 1651 posterum
1138 1587 1273 1634 diem
1319 1587 1544 1643 distulit3
1611 1604 1675 1636 ex
1722 1588 1901 1651 quibus

411 1666 628 1714 scribam
665 1665 730 1712 ad
765 1672 820 1711 te
857 1668 897 1711 si
936 1663 1057 1727 quid
1095 1668 1193 1711 erit
1232 1664 1448 1727 epistula
1485 1664 1708 1729 dignum.
1776 1664 1904 1712 Sunt

413 1750 605 1798 autern,
625 1758 755 1805 quae
773 1744 1035 1804 praeterii,
1052 1745 1470 1805 interregnumne
1491 1748 1625 1789 esset
1645 1749 1905 1804 exspecta-

413 1828 575 1875 turus,
599 1836 681 1874 an,
706 1835 804 1881 quo
829 1818 977 1865 modo
1002 1818 1189 1865 dixerit
1213 1818 1295 1865 ille
1321 1818 1526 1882 quidem
1551 1818 1616 1865 ad
1638 1835 1692 1865 se
1717 1818 1905 1866 deferri

413 1896 746 1951 consulatum,
780 1895 870 1942 sed
903 1911 957 1942 se
992 1894 1123 1942 nolle
1158 1898 1210 1940 in
1243 1898 1531 1958 proximum
1565 1912 1767 1942 annum.
1836 1895 1904 1943 Et

415 1973 512 2019 alia
527 1980 663 2028 sunt,
681 1989 810 2035 quae
830 1975 1107 2035 exquiram.
1178 1972 1386 2018 Iurabat
1405 1972 1470 2018 ad
1485 1989 1752 2029 summam,
1771 1972 1905 2037 quod

416 2049 549 2096 nullo
566 2052 771 2113 negotio
787 2048 954 2096 facere
969 2048 1116 2105 solet,
1132 2052 1486 2096 amicissimum
1500 2048 1621 2095 mihi
1638 2048 1905 2096 Caesarem

416 2143 541 2173 esse.
611 2125 638 2141 “
664 2126 857 2172 Dubito
874 2123 1162 2188 equidem,''
1178 2129 1397 2189 inquam.
1468 2124 1495 2141 “
1519 2125 1727 2189 Scripsit
1743 2127 1905 2173 adme

418 2200 734 2249 Dolabella.”
801 2200 828 2217 ‘¹
854 2202 967 2258 Dic,
1006 2201 1160 2265 quid?
1186 2200 1213 2216 ’'
1281 2202 1597 2250 Adfirmabat
1637 2219 1752 2249 eum
1789 2207 1907 2250 scri-

415 2282 590 2341 psisse,
617 2278 751 2342 quod
776 2295 858 2325 me
884 2286 1096 2342 cuperet
1123 2278 1188 2325 ad
1214 2280 1392 2326 urbem
1420 2282 1608 2336 venire,
1634 2279 1774 2326 illum
1800 2283 1906 2343 qui-

415 2356 533 2402 dem
551 2358 740 2419 gratias
762 2372 915 2418 agere
936 2358 1179 2402 maximas
1202 2362 1255 2402 et
1276 2372 1373 2402 non
1397 2355 1544 2402 modo
1563 2356 1796 2418 probare,
1815 2356 1906 2403 sed

417 2435 572 2478 etiam
617 2432 856 2495 gaudere.
925 2431 1059 2490 Quid
1106 2431 1338 2496 quaeris?
1404 2435 1644 2496 acquievi.
1715 2432 1905 2480 Levata

417 2565 506 2610 290
