1988 3008
45 1317 141 1365 Scr.
199 1317 247 1365 in
302 1317 375 1365 iti-

44 1402 149 1432 nere
165 1385 309 1449 paulo

45 1459 149 1499 ante
168 1469 237 1517 ep.
264 1453 292 1503 7
313 1451 373 1499 B.

681 205 966 254 MARCUS
1009 206 1310 255 TULLIUS
1355 208 1606 258 CICERO

399 350 749 397 quaecumque
781 335 960 391 scribo,
990 336 1084 382 tibi
1115 337 1350 394 scribere,
1382 338 1518 401 quod
1547 346 1601 386 te
1633 340 1726 402 (ita
1755 342 1887 387 inco-

398 413 519 460 lumi
544 414 758 461 Caesare
780 418 964 461 moriar
980 416 1012 478 !)
1034 419 1167 462 tanti
1189 416 1334 473 facio,
1358 425 1415 465 ut
1437 435 1622 481 paucos
1645 436 1807 483 aeque
1831 436 1888 467 ac

398 501 452 541 te
470 511 610 541 caros
627 493 859 542 habeam.
929 496 1010 543 De
1028 494 1122 543 hac
1139 513 1193 544 re
1211 514 1327 544 cum
1345 497 1534 561 aliquid
1550 502 1888 556 constitueriS‚

398 571 549 618 velim
590 571 711 618 mihi
753 573 954 619 scribas.
1024 573 1155 620 Nam
1196 590 1297 621 non
1337 575 1659 623 mediocriter
1700 575 1888 633 laboro,

399 656 619 716 utrique,
643 659 700 699 ut
724 656 813 709 vis,
835 660 978 700 tuam
1001 653 1409 702 benevolentiam
1431 662 1690 719 praestare
1714 659 1888 720 possis,

399 750 552 796 quam
611 732 899 780 mehercule
959 741 1013 781 te
1073 742 1449 798 praestaturum
1507 736 1718 784 confido.
1788 736 1887 784 Fac

396 813 578 860 valeas.

1078 1107 1149 1155 VI
1155 1108 1206 1155 Ic

747 1231 929 1262 CAESAR
963 1231 1127 1273 OPPIO,
1161 1232 1402 1264 CORNELIO
1436 1232 1534 1265 SAL.

463 1324 675 1372 Gaudeo
716 1323 1003 1371 mehercule
1047 1341 1131 1371 vos
1173 1325 1452 1388 significare
1493 1325 1693 1383 litteris,
1734 1343 1887 1390 quam

400 1406 544 1453 valde
574 1406 800 1469 probetis
832 1421 910 1461 ea,
942 1421 1072 1468 quae
1105 1405 1240 1468 apud
1273 1405 1543 1452 Corfinium
1575 1414 1693 1454 sunt
1723 1414 1884 1471 gesta.

399 1486 615 1534 Consilio
641 1492 809 1532 vestro
835 1493 950 1532 utar
975 1485 1228 1542 lubenter,
1255 1493 1308 1532 et
1333 1485 1427 1533 hoc
1452 1486 1726 1544 lubentius,
1752 1487 1888 1551 quod

397 1584 513 1616 mea
534 1573 715 1631 sponte
736 1565 903 1613 facere
924 1569 1304 1622 constitueram,
1326 1574 1384 1613 ut
1405 1584 1558 1630 quam
1579 1566 1887 1614 lenissimum

396 1665 479 1696 me
500 1648 800 1712 praeberem
822 1653 876 1693 et
897 1644 1194 1710 Pompeium
1216 1646 1390 1693 darem
1411 1663 1617 1710 operam
1638 1654 1696 1695 ut
1716 1664 1886 1695 recon-

397 1729 634 1776 ciliarem.
689 1727 1038 1791 Temptemus‚
1057 1725 1151 1774 hoc
1170 1727 1320 1774 modo
1341 1730 1379 1773 si
1399 1731 1645 1791 possimus
1664 1731 1887 1775 omnium

397 1809 685 1857 voluntates
710 1823 1010 1871 recuperare
1037 1814 1090 1854 et
1115 1807 1355 1855 diuturna
1380 1811 1588 1855 victoria
1612 1812 1706 1866 uti,
1731 1826 1887 1873 quon-

396 1893 497 1937 iam
520 1889 698 1952 reliqui
720 1888 1023 1935 crudelitate
1047 1888 1218 1935 odium
1242 1887 1465 1953 effugere
1488 1905 1589 1936 non
1610 1896 1889 1954 potuerunt

397 1987 564 2034 neque
589 1972 849 2017 victoriam
873 1968 1062 2016 diutius
1085 1976 1263 2016 tenere
1287 1976 1491 2033 praeter
1515 1986 1672 2017 unum
1697 1969 1754 2018 L.
1781 1970 1887 2018 Sul-

397 2051 515 2107 lam,
540 2067 694 2114 quem
717 2053 1006 2096 imitaturus
1031 2065 1131 2096 non
1155 2066 1281 2097 sum.
1350 2049 1492 2097 Haec
1517 2067 1646 2097 nova
1669 2053 1735 2098 sit
1758 2054 1887 2098 ratio

397 2131 647 2187 vincendi,
684 2137 742 2177 ut
777 2129 1117 2177 misericordia
1152 2136 1207 2177 et
1247 2129 1553 2177 liberalitate
1596 2147 1685 2177 nos
1726 2134 1886 2178 muni-

400 2228 557 2258 amuS.
629 2210 689 2257 Id
710 2227 863 2274 quem
886 2210 951 2257 ad
973 2209 1181 2257 modum
1203 2209 1310 2257 fieri
1333 2213 1508 2274 possit,
1533 2227 1634 2257 non
1658 2210 1794 2257 nulla
1817 2214 1885 2258 mi

398 2295 449 2338 in
479 2298 707 2338 mentem
739 2294 966 2348 veniunt,
998 2298 1052 2338 et
1082 2290 1244 2338 multa
1273 2293 1481 2355 reperiri
1511 2298 1736 2354 possunt.
1806 2291 1887 2340 De

397 2371 474 2419 his
498 2372 648 2418 rebus
671 2387 793 2435 rogo
817 2387 903 2418 vos
927 2378 986 2418 ut
1009 2373 1372 2435 cogitationem
1396 2373 1690 2434 suscipiatis.

463 2451 524 2498 N.
553 2450 802 2515 Magium,
826 2449 1035 2515 Pompei
1057 2450 1391 2515 praefectum,
1414 2450 1740 2515 deprehendi.
1786 2451 1886 2500 Sci-

397 2531 517 2579 licet
547 2548 662 2579 meo
691 2534 926 2579 instituto
957 2547 1074 2579 usus
1105 2548 1215 2579 sum
1246 2538 1300 2579 et
1330 2548 1447 2579 eum
1477 2534 1650 2579 statim
1681 2535 1886 2580 missum

399 2636 486 2667 212
