2014 3008
798 254 871 302 M.
918 256 1129 303 TULLI
1177 257 1540 306 CICERONIS

695 350 1194 401 EPISTULARUM
1241 356 1339 401 AD
1385 356 1704 404 ATTICUM

833 450 1038 497 LIBER
1084 451 1501 500 UNDECIMUS

1156 601 1179 647 Ι

908 714 1081 745 CICERO
1116 715 1289 746 ATTICO
1323 715 1421 749 SAL.

69 789 165 837 Ser.
187 790 234 837 in
256 790 400 854 Epiro
488 795 675 859 Accepi
708 811 737 842 a
765 801 819 842 te
850 798 1104 860 signatum
1134 796 1376 855 libellum,
1406 814 1557 862 quem
1589 798 1807 847 Anteros
1838 806 1913 848 at-

68 857 182 904 inter
208 857 331 904 Non.
358 865 399 904 et

72 923 139 970 ld.
167 923 289 979 Ian„
312 932 360 970 ut

67 990 259 1046 videtur,
282 1008 325 1037 a.

68 1059 162 1108 706

424 881 639 937 tulerat3
679 899 742 929 ex
765 899 864 946 quo
884 882 1007 929 nihil
1026 887 1152 931 scire
1173 887 1315 948 potui
1337 884 1400 932 de
1422 889 1604 933 nostris
1626 886 1914 934 domesticis

423 970 587 1016 rebus.
645 970 725 1016 De
746 971 926 1034 quibus
946 971 1264 1019 acerbissime
1285 971 1530 1029 adflictor,
1550 973 1702 1037 quod,
1722 976 1806 1037 qui
1828 989 1912 1021 eas

424 1056 750 1120 dispensavit,
784 1074 950 1121 neque
985 1057 1130 1105 adest
1162 1061 1292 1116 istic,
1327 1075 1509 1123 neque,
1543 1060 1628 1107 ubi
1663 1067 1913 1107 terrarum

423 1147 504 1200 sit,
529 1147 644 1191 scio.
721 1143 939 1191 Omnem
965 1152 1139 1192 autem
1164 1162 1306 1210 spem
1330 1145 1493 1194 habeo
1519 1150 1911 1195 existimationis

420 1233 831 1295 privatarumque
852 1249 1020 1279 rerum
1041 1235 1092 1279 in
1112 1240 1202 1280 tua
1224 1250 1345 1298 erga
1365 1250 1447 1281 me
1467 1233 1589 1280 mihi
1610 1237 1912 1298 perspectis-

420 1321 546 1364 sima
573 1318 942 1366 benevolentia.
1012 1319 1179 1379 Quam
1206 1323 1246 1366 si
1273 1319 1348 1368 his
1376 1322 1690 1385 temporibus
1718 1324 1912 1369 miseris

420 1413 472 1452 et
515 1409 754 1453 extremis
794 1410 1125 1470 praestiteris,
1167 1406 1293 1454 haec
1333 1408 1573 1472 pericula,
1616 1424 1747 1472 quae
1789 1408 1908 1455 m‘ihi

418 1496 704 1539 communia
729 1501 846 1540 sunt
871 1511 985 1541 cum
1010 1498 1210 1551 ceteris,
1237 1494 1415 1542 fortius
1440 1495 1630 1551 feram3
1672 1495 1825 1559 idque
1854 1503 1910 1543 ut

418 1580 589 1636 facias,
615 1587 668 1627 te
693 1581 921 1628 obtestor
945 1588 1099 1644 atque
1125 1583 1345 1629 obsecro.
1416 1582 1526 1647 Ego
1550 1585 1601 1629 in
1624 1581 1912 1646 cistophoro

419 1671 469 1713 in
507 1669 625 1714 Asia
658 1667 822 1715 habeo
856 1668 920 1715 ad
954 1671 1244 1716 sestertium
1277 1670 1354 1715 bis
1388 1676 1441 1716 et
1474 1672 1676 1716 viciens.
1750 1669 1911 1716 Huius

418 1758 664 1819 pecuniae
683 1759 1060 1819 permutatione
1082 1740 1234 1803 fidem
1253 1763 1477 1803 nostram
1497 1755 1576 1803 fac
1585 1756 1651 1803 ile
1671 1757 1912 1812 tuebere3

418 1859 570 1905 quam
590 1842 795 1905 quidem
811 1859 907 1907 ego
923 1846 1015 1890 nisi
1033 1843 1325 1907 expeditam
1340 1843 1624 1907 relinquere
1639 1859 1722 1890 me
1738 1851 1909 1908 putas-

419 1946 524 1976 sem
544 1929 754 1976 credens
774 1932 838 1986 ei,
857 1933 934 1977 cui
955 1937 1012 1977 tu
1032 1934 1126 1977 scis
1146 1933 1242 1977 iam
1264 1930 1459 1994 pridem
1477 1933 1684 1977 minime
1702 1930 1909 1977 credere

418 2034 499 2063 me
520 2017 725 2073 debere,
744 2025 1083 2064 commoratus
1103 2034 1265 2064 essem
1285 2017 1537 2081 paulisper
1556 2034 1648 2064 nec
1668 2017 1909 2065 domesti-

409 2121 500 2150 cas
535 2120 612 2150 res
644 2104 914 2167 impeditas
947 2104 1273 2168 reliquissem.
1343 2104 1425 2152 Ob
1459 2121 1673 2168 eamque
1705 2121 1909 2151 causam

419 2194 576 2238 serius
595 2190 658 2237 ad
676 2198 729 2238 te
748 2193 928 2248 scribo,
947 2192 1082 2255 quod
1098 2208 1208 2239 sero
1226 2191 1470 2248 intellexi,
1488 2191 1609 2255 quid
1625 2190 1910 2238 timendum

419 2285 570 2324 esset.
638 2278 709 2324 Te
734 2281 890 2325 etiam
913 2286 1068 2342 atque
1091 2282 1247 2326 etiam
1268 2296 1371 2336 oro,
1393 2286 1450 2326 ut
1471 2295 1553 2325 me
1575 2285 1743 2325 totum
1764 2285 1909 2325 tuen·

419 2365 540 2411 dum
572 2368 828 2429 suscipias,
858 2373 933 2422 ut,
963 2369 1000 2412 si
1033 2368 1078 2412 ei
1109 2366 1227 2414 salvi
1261 2372 1426 2422 erunt,
1457 2366 1751 2430 quibuscum
1784 2382 1910 2420 sum,

420 2469 520 2498 una
549 2469 662 2498 cum
690 2455 750 2498 iis
771 2455 955 2516 possim
978 2453 1237 2500 incolumis
1269 2470 1376 2500 esse
1407 2452 1723 2517 salutemque
1747 2468 1912 2499 meam

417 2539 804 2586 benevolentiae
830 2548 949 2587 tuae
975 2548 1237 2604 acceptam
1262 2540 1464 2588 referre.

417 2621 504 2667 352
