1988 3008
646 251 929 299 MARCUS
973 251 1275 299 TULLIUS
1320 252 1573 300 CICERO

367 389 521 428 turos.
594 380 674 427 Ita
696 396 862 442 neque
887 380 950 427 de
974 382 1078 427 otio
1103 387 1273 427 nostro
1296 397 1442 443 spero
1464 383 1563 426 iam
1587 397 1680 428 nec
1703 380 1855 428 ullam

366 449 701 494 acerbitatem
731 463 921 493 recuso.
992 446 1165 494 Unum
1194 446 1317 493 illud
1348 448 1761 504 extimescebam,
1791 465 1856 495 ne

366 513 489 578 quid
511 516 730 576 turpiter
753 512 991 568 facerem,
1017 512 1095 559 vel
1119 513 1286 560 dicam
1309 516 1409 559 iam
1435 530 1498 560 ne
1522 513 1768 561 fecissem.

429 579 509 626 Sic
540 596 662 643 ergo
693 578 898 634 habeto,
929 579 1173 626 salutares
1202 586 1256 626 te
1286 579 1406 625 mihi
1437 580 1634 627 litteras
1663 583 1856 627 misisse

366 663 533 708 neque
566 645 726 692 solum
757 645 847 692 has
878 645 1145 709 longiores,
1177 646 1357 708 quibus
1389 645 1511 692 nihil
1540 653 1712 710 potest
1744 663 1856 694 esse

366 713 683 776 explicatius,
707 711 829 758 nihil
851 711 1143 774 perfectius,
1167 712 1257 758 sed
1280 715 1436 759 etiam
1457 712 1566 759 illas
1587 713 1858 769 breviores,

368 782 420 825 in
464 779 645 842 quibus
686 777 781 825 hoc
822 777 944 824 mihi
987 778 1398 825 iucundissimum
1441 778 1553 834 fuit,
1595 779 1856 826 consilium

369 845 665 908 factumque
698 851 926 891 nostrum
959 860 990 890 a
1021 843 1178 891 Sexto
1210 846 1428 908 probari,
1460 853 1858 909 pergratumque

364 910 486 958 mihi
523 918 582 958 tu
619 947 628 957 .
667 946 679 957 .
718 910 752 957 .1
788 909 982 966 fecisti3
1037 928 1066 957 a
1103 927 1203 974 quo
1241 918 1294 958 et
1330 911 1472 975 diligi
1507 928 1590 958 me
1627 918 1698 968 et,
1736 911 1858 975 quid

365 985 563 1025 rectum
589 980 671 1033 sit,
696 977 926 1041 intellegi
950 980 1066 1024 scio.
1138 977 1357 1041 Longior
1381 994 1499 1024 vero
1524 985 1614 1024 tua
1640 978 1859 1041 epistula

367 1060 469 1091 non
497 1060 578 1090 me
608 1043 786 1099 solum,
815 1044 905 1090 sed
932 1060 1071 1090 meos
1101 1060 1274 1090 omnes
1304 1044 1623 1107 aegritudine
1653 1044 1853 1091 levavit.

369 1110 552 1173 Itaque
583 1117 698 1156 utar
727 1117 816 1156 tuo
846 1109 1050 1156 consilio
1081 1117 1134 1156 et
1165 1126 1250 1157 ero
1279 1113 1331 1156 in
1362 1110 1643 1167 Formiano,
1673 1127 1737 1158 ne
1768 1118 1858 1158 aut

367 1177 432 1223 ad
461 1177 640 1223 urbem
663 1179 920 1238 ἀπάντησις
944 1193 1059 1223 mea
1085 1176 1534 1233 animadvertatur,
1559 1184 1666 1233 aut,
1690 1180 1729 1224 si
1763 1194 1857 1225 nec

364 1242 447 1290 hic
478 1259 572 1290 nec
603 1242 704 1290 illic
738 1259 855 1290 eum
888 1242 1076 1298 videro,
1109 1242 1392 1290 devitatum
1425 1259 1478 1290 se
1512 1260 1542 1289 a
1572 1260 1655 1290 me
1687 1250 1856 1307 putet.

366 1309 518 1368 Quod
543 1316 718 1356 autem
743 1309 943 1365 suades,
969 1316 1026 1355 ut
1053 1310 1117 1355 ab
1144 1325 1204 1356 eo
1229 1316 1421 1372 petam,
1448 1316 1506 1356 ut
1530 1309 1651 1356 mihi
1677 1326 1855 1357 conce-

367 1375 474 1431 dat,
502 1383 560 1423 ut
587 1375 724 1422 idem
751 1376 974 1422 tribuam
1003 1374 1260 1438 Pompeio,
1290 1375 1426 1438 quod
1451 1379 1545 1439 ipsi
1572 1377 1856 1433 tribuerim,

369 1442 422 1489 id
451 1458 534 1489 me
565 1444 665 1488 iam
697 1442 893 1505 pridem
926 1458 1078 1505 agere
1109 1441 1376 1505 intelleges
1408 1458 1470 1488 ex
1502 1442 1684 1489 litteris
1715 1442 1857 1490 Balbi

369 1515 423 1555 et
468 1508 619 1572 Oppi,
665 1525 877 1570 quarum
924 1507 1159 1571 exempla
1201 1509 1295 1554 tibi
1340 1511 1465 1554 misi.
1537 1508 1655 1555 Misi
1701 1512 1858 1556 etiam

367 1574 595 1621 Caesaris
635 1574 700 1621 ad
738 1591 822 1620 eos
862 1591 984 1620 sana
1019 1581 1194 1621 mente
1232 1577 1443 1637 scriptas
1482 1591 1582 1638 quo
1618 1575 1769 1622 modo
1806 1578 1858 1621 in

367 1648 517 1687 tanta
551 1643 758 1687 insania.
828 1639 914 1686 Sin
949 1640 1070 1686 mihi
1108 1640 1292 1687 Caesar
1328 1640 1421 1687 hoc
1457 1657 1558 1687 non
1592 1641 1856 1698 concedat,

366 1707 513 1754 video
542 1708 635 1754 tibi
666 1707 866 1770 placere
895 1706 1035 1763 illud,
1064 1723 1147 1754 me
1176 1709 1433 1769 πολίτευμα
1464 1707 1527 1754 de
1551 1724 1676 1770 pace
1706 1710 1858 1754 susci-

365 1788 517 1837 pere3
568 1777 620 1819 in
655 1790 755 1836 quo
790 1790 890 1819 non
926 1776 1203 1820 extimesco
1238 1773 1517 1837 periculum
1553 1774 1687 1836 (cum
1723 1777 1858 1821 enim

366 1847 447 1887 tot
501 1839 849 1903 impendeant,
903 1855 991 1885 cur
1046 1856 1146 1886 non
1201 1839 1552 1887 honestissimo
1607 1840 1856 1903 depecisci

366 1906 515 1953 velim
532 1906 589 1968 ?),
634 1906 724 1953 sed
767 1922 958 1961 vereor,
1001 1922 1065 1953 ne
1111 1904 1350 1969 Pompeio
1394 1906 1515 1969 quid
1558 1910 1721 1954 oneris
1763 1909 1853 1953 im-

366 1989 567 2036 ponam,

579 2081 645 2141 μή
667 2101 748 2141 μοι
771 2079 986 2144 γοργείην
1011 2081 1223 2142 κεφαλὴν
1247 2079 1410 2128 δεινοῖο
1435 2081 1645 2143 πελώρου

370 2188 677 2248 intorqueat.
747 2185 1041 2232 Mirandum
1068 2188 1203 2232 enim
1229 2188 1280 2231 in
1306 2185 1513 2232 modum
1540 2185 1744 2233 Gnaeus
1772 2203 1856 2234 no-

367 2259 472 2299 ster
509 2250 697 2298 Sullani
739 2255 881 2315 regni
923 2251 1302 2298 similitudinem
1345 2255 1644 2313 concupivit.
1712 2253 1856 2303 Εἷδώς

366 2339 445 2365 σοι
468 2319 606 2382 λέγω.
678 2316 811 2363 Nihil
848 2317 930 2364 ille
967 2334 1207 2380 umquam
1250 2321 1412 2364 minus
1461 2319 1670 2365 obscure
1718 2318 1853 2366 tulit.

424 2464 441 2488 ¹
469 2462 589 2514 After
613 2469 666 2502 tu
690 2462 799 2503 there
826 2462 865 2503 is
892 2462 1086 2514 probably
1111 2476 1138 2502 a
1166 2463 1317 2503 lacuna
1345 2463 1477 2504 which
1503 2463 1650 2504 should
1676 2463 1722 2504 be
1740 2463 1858 2514 filled

364 2515 416 2566 by
444 2529 556 2557 some
583 2516 684 2556 euch
713 2516 843 2556 words
870 2529 920 2555 as
947 2515 1059 2556 those
1087 2517 1298 2566 suqqested
1327 2517 1376 2568 by
1409 2516 1656 2558 Lehmann:
1702 2517 1858 2565 fecisti,

367 2569 480 2619 quod
501 2582 568 2609 me
585 2569 638 2609 de
653 2568 811 2609 iudicio
828 2568 919 2609 eius
936 2570 1174 2610 certiorem.

366 2670 453 2701 202
