1988 3008
677 203 961 251 MARCUS
1005 204 1307 252 TULLIUS
1353 205 1603 253 CICERO

394 349 524 395 quae
552 331 670 377 mihi
701 332 923 394 quidem,
951 336 1036 395 qui
1063 332 1202 378 illum
1230 349 1360 387 amo,
1388 341 1505 380 sunt
1535 333 1609 380 his
1640 337 1757 396 ipsis
1785 351 1888 381 ma-

393 408 470 464 lis,
502 413 553 454 in
587 413 695 472 quis
729 425 918 464 sumus,
951 412 1231 464 miseriora,
1266 426 1365 456 non
1397 418 1515 457 sunt
1549 411 1613 456 ab
1646 412 1887 474 obsequio

394 493 580 532 nostro.
651 485 781 531 Nam
801 501 914 532 suas
934 485 1129 532 radices
1150 484 1371 541 habent3
1414 503 1536 549 quas
1558 493 1736 534 tamen
1757 487 1888 534 evel-

391 562 550 609 lerem
579 561 828 624 profecto,
856 566 897 608 si
925 562 1119 610 liceret.
1188 561 1288 609 Sed
1317 579 1378 609 ea
1405 570 1638 626 tempora
1666 570 1802 620 sunt,
1830 570 1888 611 ut

395 642 563 685 omnia
590 638 712 684 mihi
739 642 840 686 sint
868 639 1125 702 patienda.
1193 639 1303 703 Ego
1332 656 1504 686 meum
1532 639 1678 687 facile
1706 647 1887 696 tene03

394 715 517 761 nihil
541 723 619 762 est
645 719 780 762 enim
805 733 864 763 eo
888 716 1218 763 tractabilius.
1287 716 1438 763 Cuius
1466 716 1671 780 quidem
1697 720 1888 764 miseri-

394 792 564 839 cordia
584 791 899 856 languidiora
921 791 1084 839 adhuc
1106 793 1310 840 consilia
1332 797 1461 856 cepi,
1485 801 1557 849 et,
1579 810 1678 857 quo
1701 793 1783 840 ille
1804 810 1887 840 me

394 873 664 916 certiorem
695 869 801 916 vult
833 886 961 925 esse,
992 886 1052 916 eo
1082 873 1242 934 magis
1273 873 1448 926 timeo,
1479 886 1543 917 ne
1573 873 1625 916 in
1655 886 1772 917 eum
1803 887 1888 917 ex·

394 949 570 993 sistam
595 946 860 993 crudelior.

460 1021 561 1069 Sed
586 1023 836 1070 Antonius
864 1026 1003 1070 venit
1029 1022 1138 1070 heri
1167 1027 1379 1087 vesperi.
1449 1024 1558 1070 Iam
1584 1024 1797 1071 sortasse
1825 1024 1889 1071 ad

396 1115 479 1146 me
506 1103 695 1156 veniet,
723 1107 811 1147 aut
838 1116 902 1147 ne
930 1100 982 1147 id
1009 1101 1231 1164 quidem,
1260 1104 1496 1164 quoniam
1523 1104 1741 1164 scripsit,
1769 1101 1889 1164 quid

398 1176 506 1223 fieri
526 1175 694 1224 vellet.
762 1175 863 1224 Sed
881 1180 1007 1224 scies
1028 1180 1284 1234 continuo,
1306 1177 1427 1241 quid
1447 1185 1618 1225 actum
1637 1181 1717 1224 sit.
1787 1177 1887 1224 Nos

397 1257 497 1300 iam
520 1252 642 1300 nihil
664 1257 756 1300 nisi
782 1254 994 1302 occulte.

460 1330 542 1377 De
578 1334 748 1394 pueris
786 1331 908 1394 quid
944 1331 1128 1395 agam?
1165 1348 1386 1395 parvone
1425 1335 1624 1395 navigio
1661 1335 1888 1378 commit-

395 1407 537 1454 tam?
604 1407 740 1466 Quid
775 1407 896 1454 mihi
935 1412 1088 1454 animi
1126 1411 1177 1454 in
1214 1409 1497 1472 navigando
1534 1425 1708 1455 censes
1745 1407 1888 1455 fore?

396 1484 651 1532 Recordor
698 1489 850 1541 enim,
898 1492 1097 1532 aestate
1144 1502 1259 1532 cum
1307 1485 1400 1532 illis
1449 1485 1531 1532 illo
1580 1484 1888 1531 Rhodiorum

395 1563 617 1627 ἀφράκτῳ
647 1565 886 1625 navigans
918 1578 1070 1625 quam
1100 1561 1285 1608 fuerim
1314 1562 1583 1617 sollicitus3
1614 1562 1734 1625 quid
1764 1561 1888 1608 duro

394 1646 626 1701 tempore
657 1642 774 1685 anni
806 1638 1081 1686 actuariola
1112 1638 1221 1686 fore
1252 1638 1463 1686 censes?
1530 1637 1576 1686 O
1606 1655 1714 1685 rem
1748 1638 1887 1685 undi-

396 1715 495 1779 que
521 1717 783 1762 miseram!

457 1792 723 1840 Trebatius
761 1800 873 1840 erat
910 1809 1128 1849 mecum,
1165 1796 1240 1840 vir
1277 1793 1426 1856 plane
1465 1801 1518 1840 et
1556 1796 1673 1840 civis
1711 1793 1885 1840 bonus.

394 1869 539 1928 Quae
563 1869 646 1916 ille
671 1877 916 1926 monstra,
941 1870 990 1917 di
1028 1870 1364 1917 immortales!
1434 1869 1670 1916 Etiamne
1703 1869 1885 1916 Balbus

392 1950 443 1992 in
467 1953 702 1994 senatum
726 1950 898 1993 venire
923 1946 1152 2011 cogitet?
1187 1946 1287 1993 Sed
1313 1951 1357 1993 ei
1384 1950 1476 2009 ipsi
1502 1963 1611 1993 cras
1637 1946 1703 1993 ad
1725 1954 1780 1993 te
1805 1946 1885 1993 lit-

390 2032 527 2071 teras
555 2024 702 2071 dabo.
771 2023 1069 2071 Vettienum
1097 2023 1217 2070 mihi
1247 2027 1482 2079 amicum,
1511 2031 1568 2070 ut
1595 2024 1789 2080 scribis,
1816 2027 1888 2071 ita
1942 2015 1955 2066 ἕ

391 2109 516 2164 puto
540 2117 665 2148 esse.
734 2101 862 2148 Cum
886 2118 964 2157 eo,
988 2101 1124 2165 quod
1154 2104 1396 2165 ἀποτόμως
1425 2101 1489 2147 ad
1511 2117 1593 2148 me
1616 2105 1887 2164 scripserat
1950 2119 1955 2147 3

392 2179 457 2225 de
490 2181 706 2225 nummis
740 2178 991 2235 curandis,
1026 2181 1332 2241 θυμικώτερον
1372 2194 1511 2225 eram
1553 2182 1758 2225 iocatus.
1828 2178 1887 2224 Id

391 2263 467 2311 tu,
494 2259 536 2302 si
563 2255 645 2301 ille
673 2255 822 2302 aliter
850 2258 1104 2318 acceperit
1123 2271 1180 2302 ac
1199 2255 1394 2310 debuit,
1414 2255 1584 2302 lenies.
1655 2253 1682 2271 “
1709 2246 1886 2301 MoNiz-
1951 2272 1963 2294 π

392 2347 502 2378 TALI
528 2330 556 2346 ’'
587 2339 761 2378 autem
791 2331 1050 2394 adscripsi,
1075 2331 1209 2395 quod
1241 2331 1322 2378 ille
1355 2331 1419 2377 ad
1451 2348 1533 2378 me
1565 2330 1592 2347 “
1618 2347 1713 2377 PRo
1749 2330 1885 2378 cos.''

394 2407 511 2464 Sed,
545 2411 780 2471 quoniam
816 2416 894 2455 est
927 2407 1078 2455 homo
1114 2416 1168 2455 et
1203 2425 1290 2455 nos
1326 2408 1510 2472 diligit,
1544 2411 1650 2471 ipse
1686 2423 1885 2472 quoque

394 2501 422 2530 a
446 2485 587 2531 nobis
611 2484 865 2548 diligatur.
936 2484 1073 2532 Vale.

393 2601 484 2661 326
