2014 3008
135 640 231 688 Ser.

139 705 358 754 Brundisi

138 774 217 820 XI
235 773 296 820 K.
321 773 444 821 Sext.

136 842 299 892 a.707

137 2169 235 2217 Scr.
258 2169 412 2217 Brun-

135 2236 225 2283 disi
254 2236 381 2284 XVI
405 2235 465 2283 K.

136 2303 258 2368 Sept.
284 2320 329 2350 a.
354 2305 449 2355 707

772 253 1054 302 MARCUS
1099 254 1401 303 TULLIUS
1447 255 1697 304 CICERO

1171 444 1296 490 XIX

974 556 1148 587 CICERO
1183 556 1356 587 ATTICO
1391 556 1488 588 SAL.

554 635 680 682 Cum
719 639 819 683 tuis
857 636 978 683 dare
1017 654 1215 700 possem
1252 637 1465 695 litteras,
1505 655 1605 685 non
1642 642 1979 702 praetermisi,

492 720 604 770 etsi,
638 717 774 780 quod
814 718 1103 772 scriberem,
1135 733 1236 763 non
1267 716 1533 764 habebam.
1600 718 1677 765 Tu
1709 718 1775 766 ad
1805 735 1894 766 nos
1926 726 1980 766 et

492 799 649 842 rarius
686 796 878 852 scribis,
908 813 1059 859 quam
1098 796 1309 852 solebas,
1339 804 1393 843 et
1420 798 1636 854 brevius,
1665 797 1834 854 credo,
1863 801 1981 862 quia

491 875 612 922 nihil
634 875 808 932 habes,
832 875 968 939 quod
988 892 1070 923 me
1092 884 1241 939 putes
1265 876 1481 924 libenter
1502 876 1672 941 legere
1695 885 1785 924 aut
1807 878 1979 925 audire

490 972 649 1020 posse.
696 955 883 1002 Verum
897 963 1072 1003 tamen
1089 956 1259 1011 velim,
1276 959 1315 1003 si
1333 956 1456 1020 quid
1472 960 1586 1012 erit,
1603 956 1975 1021 qualecumque

489 1039 603 1091 erit,
627 1036 828 1082 scribas.
898 1036 991 1082 Est
1014 1043 1188 1083 autem
1213 1053 1386 1092 unum,
1409 1036 1546 1100 quod
1568 1036 1690 1083 mihi
1714 1039 1780 1084 sit
1802 1044 1979 1100 optan-

488 1115 627 1172 dum,
650 1119 689 1162 si
713 1115 835 1179 quid
858 1119 939 1180 agi
963 1115 1027 1163 de
1051 1132 1175 1179 pace
1199 1119 1383 1179 possit3
1424 1116 1560 1179 quod
1581 1115 1719 1163 nulla
1743 1116 1981 1180 equidem

477 1194 652 1265 *habeo
671 1198 723 1241 in
743 1212 832 1259 spe
849 1211 861 1251 ;
898 1196 1005 1251 sed,
1025 1199 1142 1259 quia
1161 1203 1219 1242 tu
1239 1195 1417 1243 leviter
1434 1196 1690 1243 interdum
1709 1195 1977 1260 significas,

488 1279 625 1339 cogis
648 1292 730 1322 me
755 1292 975 1339 sperare,
999 1275 1133 1339 quod
1156 1275 1436 1339 optandum
1460 1279 1542 1322 vix
1567 1283 1660 1323 est.

554 1353 852 1402 Philotimus
886 1355 1071 1402 dicitur
1109 1355 1181 1402 Id.
1218 1355 1358 1403 Sext.
1429 1354 1563 1401 Nihil
1597 1354 1762 1403 habeo
1797 1355 1862 1403 de
1897 1355 1981 1403 illo

489 1435 717 1498 amplius.
785 1435 860 1481 Tu
889 1435 1037 1482 velim
1063 1435 1128 1482 ad
1155 1452 1216 1482 ea
1241 1434 1361 1482 mihi
1389 1436 1653 1491 rescribas,
1679 1451 1811 1499 quae
1837 1435 1902 1483 ad
1926 1442 1980 1482 te

489 1523 643 1562 antea
674 1518 861 1578 scripsi.
933 1514 1057 1561 Mihi
1093 1522 1296 1562 tantum
1322 1518 1563 1578 temporis
1588 1517 1711 1562 satis
1736 1522 1833 1569 est,
1858 1515 1979 1562 dum

489 1597 614 1641 utin
631 1598 858 1658 pessimis
874 1595 1023 1642 rebus
1041 1595 1230 1659 aliquid
1245 1611 1470 1652 caveam,
1489 1597 1573 1659 qui
1593 1593 1715 1640 nihil
1733 1611 1978 1659 umquam

489 1679 610 1721 cavi.
684 1674 819 1721 Vale.

554 1769 605 1801 XI
633 1754 744 1801 Kal.
773 1752 955 1801 Sexti.1

1185 1969 1282 2017 XX

975 2082 1149 2113 CICERO
1182 2082 1356 2113 ATTICO
1390 2082 1487 2114 SAL.

556 2179 657 2211 xvn
700 2163 762 2211 K.
803 2161 1127 2227 Septembres
1169 2171 1377 2211 venerat
1415 2163 1498 2210 die
1537 2178 1694 2209 xxvm
1733 2160 1980 2210 Seleucea

495 2242 658 2291 Pieria
682 2243 737 2290 C.
765 2243 1058 2298 Trebonius,
1086 2246 1168 2307 qui
1197 2259 1251 2290 se
1278 2241 1593 2290 Antiocheae
1619 2242 1815 2290 diceret
1842 2241 1981 2305 apud

493 2323 760 2371 Caesarem
793 2323 972 2370 vidisse
1006 2322 1252 2382 Quintum
1286 2322 1442 2369 filium
1474 2338 1589 2368 cum
1624 2320 1805 2369 Hirtio.
1877 2321 1976 2368 Eos

493 2404 557 2451 de
582 2403 791 2463 Quinto,
815 2419 946 2467 quae
971 2403 1259 2458 voluissent,
1285 2405 1584 2466 impetrasse
1609 2400 1747 2448 nullo
1772 2400 1980 2465 quidem

492 2487 711 2547 negotio.
780 2482 929 2541 Quod
965 2498 1061 2547 ego
1096 2485 1256 2546 magis
1291 2481 1586 2546 gauderem,
1622 2483 1660 2527 si
1700 2482 1798 2527 ista
1835 2480 1977 2527 nobis

496 2567 770 2627 impetrata
817 2566 1086 2627 quicquam
1134 2562 1198 2609 ad
1240 2578 1382 2627 spem
1424 2561 1672 2625 explorati
1714 2558 1978 2608 haberent.

490 2667 580 2709 410
