1942 3022
642 225 925 273 MARCUS
969 223 1269 272 TULLIUS
1315 223 1565 272 CICERO

362 358 577 402 tentiam
623 362 842 411 moveat,
884 361 942 401 ut
982 353 1127 401 valde
1170 370 1265 417 ego
1312 355 1423 416 ipsi,
1465 353 1600 417 quod
1647 353 1710 400 de
1759 370 1849 400 sua

363 438 617 482 sententia
640 434 930 490 decesserit,
953 433 1319 497 paenitendum
1341 440 1534 496 putem.
1603 432 1703 480 Sed
1727 432 1849 496 quid

364 522 458 571 est,
489 515 624 578 quod
652 517 699 561 ei
727 517 821 560 vici
851 514 1034 561 Luccei
1064 516 1164 560 sint
1194 513 1417 560 addicti?
1485 513 1595 560 Hoc
1623 520 1677 560 te
1706 529 1850 576 prae-

363 597 634 641 termisisse
660 597 825 641 miror.
895 594 976 641 De
1004 591 1274 640 Philotimo
1300 592 1483 640 faciam
1510 593 1764 656 equidem,
1791 600 1850 640 ut

362 691 549 721 mones.
619 673 719 721 Sed
745 691 839 738 ego
865 673 987 720 mihi
1013 674 1077 720 ab
1101 673 1185 720 illo
1211 690 1312 720 non
1335 676 1558 720 rationes
1584 680 1848 737 exspecta-

362 756 498 811 bam,
525 771 648 818 quas
675 755 769 801 tibi
798 754 974 810 edidit,
1003 770 1178 801 verum
1204 753 1257 800 id
1282 753 1550 816 reliquum,
1578 753 1715 816 quod
1739 756 1847 816 ipse

364 839 415 880 in
435 834 715 881 Tusculano
736 851 819 881 me
841 833 1030 881 referre
1052 837 1103 880 in
1120 836 1540 880 commentarium
1560 850 1676 880 mea
1696 850 1850 880 manu

363 915 536 970 voluit,
556 915 791 978 quodque
811 914 947 961 idem
966 917 1018 960 in
1037 914 1159 961 Asia
1177 913 1299 960 mihi
1320 930 1411 960 sua
1428 930 1583 960 manu
1602 916 1847 977 scriptum

365 995 521 1041 dedit.
591 995 651 1041 Id
685 998 726 1041 si
760 1002 1060 1058 praestaret,
1097 1001 1344 1058 quantum
1378 993 1501 1040 mihi
1537 997 1666 1041 aeris
1702 993 1849 1041 alieni

367 1091 475 1121 esse
497 1076 590 1121 tibi
613 1075 789 1130 edidit,
811 1082 1013 1121 tantum
1037 1082 1091 1122 et
1111 1074 1223 1137 plus
1246 1077 1403 1121 etiam
1423 1073 1547 1120 mihi
1568 1077 1676 1138 ipse
1698 1074 1851 1121 debe-

365 1163 458 1201 ret.
527 1154 627 1201 Sed
656 1158 707 1200 in
736 1154 828 1201 hoc
858 1171 1063 1218 genere,
1094 1158 1133 1202 si
1163 1155 1312 1202 modo
1343 1170 1433 1217 per
1462 1171 1569 1201 rem
1597 1154 1852 1218 publicam

365 1234 553 1290 licebit,
568 1252 668 1281 non
685 1236 1027 1282 accusabimur
1047 1234 1273 1298 posthac,
1289 1251 1455 1298 neque
1476 1234 1678 1282 hercule
1700 1241 1853 1282 antea

367 1315 696 1378 neglegentes
722 1315 922 1371 fuimus,
947 1315 1035 1367 sed
1061 1318 1333 1362 amicorum
1357 1314 1684 1362 multitudine
1709 1332 1853 1362 occu-

368 1398 489 1458 pati.
558 1395 692 1459 Ergo
715 1402 933 1450 utemur,
956 1403 1013 1442 ut
1035 1395 1300 1459 polliceris,
1323 1403 1377 1442 et
1399 1411 1553 1458 opera
1575 1403 1629 1442 et
1650 1395 1853 1443 consilio

369 1482 458 1521 tuo
482 1492 573 1521 nec
596 1476 688 1522 tibi
713 1478 914 1531 erimus,
937 1483 995 1521 ut
1018 1492 1181 1538 spero,
1204 1478 1256 1521 in
1280 1492 1340 1522 eo
1363 1475 1577 1522 molesti.
1648 1475 1728 1522 De
1752 1492 1852 1522 ser-

369 1558 605 1618 perastris
636 1554 852 1601 cohortis
884 1571 1029 1601 meae
1063 1554 1183 1600 nihil
1217 1562 1295 1601 est
1328 1555 1464 1618 quod
1495 1555 1680 1602 doleas.
1752 1555 1849 1619 Ipsi

370 1638 503 1681 enim
539 1651 592 1681 se
628 1634 939 1698 collegerunt
976 1634 1307 1681 admiratione
1344 1638 1654 1698 integritatis
1690 1652 1850 1682 meae.

370 1714 469 1761 Sed
489 1731 570 1761 me
591 1722 817 1761 moverat
839 1731 987 1761 nemo
1006 1718 1167 1778 magis
1189 1731 1341 1778 quam
1361 1718 1419 1771 is,
1440 1731 1592 1778 quem
1613 1722 1670 1762 tu
1691 1718 1852 1762 nemi-

370 1811 487 1841 nem
514 1802 676 1857 putaS.
748 1794 891 1841 Idem
919 1802 972 1841 et
998 1797 1140 1841 initio
1168 1793 1334 1841 fuerat
1363 1802 1416 1841 et
1443 1811 1575 1842 nunc
1603 1803 1679 1842 est
1709 1812 1849 1859 egre—

371 1878 494 1938 gius.
564 1873 663 1920 Sed
689 1877 740 1920 in
767 1877 875 1937 ipsa
902 1874 1190 1921 decessione
1219 1874 1517 1938 significavit
1545 1891 1771 1938 sperasse
1799 1892 1852 1922 se

371 1954 558 2017 aliquid
585 1962 636 2000 et
661 1954 729 2009 id,
755 1954 887 2017 quod
915 1958 1136 2001 animum
1162 1954 1431 2001 induxerat
1456 1954 1725 2018 paulisper,
1752 1972 1850 2002 non

370 2037 553 2089 tenuit,
593 2034 682 2080 sed
720 2037 820 2080 cito
860 2034 925 2080 ad
964 2051 1016 2081 se
1056 2035 1223 2090 rediit,
1262 2037 1488 2098 meisque
1528 2034 1852 2082 honorificen-

370 2117 571 2161 tissimis
606 2131 726 2177 erga
759 2131 811 2160 se
845 2114 1013 2161 officiis
1047 2118 1207 2161 victus
1241 2115 1394 2178 pluris
1429 2131 1490 2162 ea
1522 2114 1668 2162 duxit
1702 2132 1852 2179 quam

371 2211 571 2240 omnem
595 2197 872 2257 pecuniam.

436 2274 544 2337 Ego
584 2291 613 2320 a
649 2273 796 2320 Curio
832 2274 1029 2321 tabulas
1066 2278 1251 2338 accepi,
1289 2291 1413 2338 quas
1453 2291 1650 2322 mecum
1691 2282 1851 2339 porto.

373 2354 607 2401 Hortensi
661 2353 827 2417 legata
878 2358 1100 2418 cognovi.
1171 2354 1315 2401 Nunc
1366 2371 1489 2401 aveo
1540 2357 1682 2411 scire,
1733 2355 1855 2418 quid

373 2433 582 2480 hominis
622 2437 685 2480 sit
726 2442 778 2480 et
819 2451 1028 2497 quarum
1070 2451 1234 2481 rerum
1276 2437 1561 2482 auctionem
1602 2437 1851 2482 instituat.

373 2615 440 2663 26,
