1988 3008
682 207 964 256 MARCUS
1009 207 1313 256 TULLIUS
1359 208 1610 256 CICERO

402 335 645 383 habemus
669 352 769 382 non
791 334 940 381 modo
963 335 1189 382 consules
1213 352 1243 381 a
1265 342 1524 397 praetore,
1546 335 1636 383 sed
1658 353 1722 383 ne
1744 353 1891 400 prae-

400 410 537 449 tores
585 402 790 465 quidem
834 405 998 448 creari
1043 405 1118 448 ius
1166 417 1294 458 esse,
1339 402 1493 465 idque
1538 401 1732 449 factum
1780 420 1892 451 esse

402 483 707 530 numquam3
747 468 974 514 consules
1001 484 1060 514 eo
1082 484 1183 514 non
1208 484 1319 515 esse
1342 471 1436 523 ius,
1459 469 1594 531 quod
1615 472 1774 515 maius
1798 473 1892 517 im-

400 538 601 597 perium
624 551 653 580 a
675 537 869 580 minore
891 537 1060 597 rogari
1083 550 1184 580 non
1206 537 1273 581 sit
1296 537 1389 590 ius,
1411 541 1675 596 praetores
1700 542 1890 592 autem,

402 600 536 663 quod
553 604 626 646 ita
642 608 903 663 rogentur,
921 607 979 646 ut
997 599 1220 663 collegae
1239 600 1523 647 consulibus
1541 604 1659 657 sint,
1677 617 1891 664 quorum

397 674 475 713 est
503 670 660 712 maius
689 670 975 728 imperium.
1044 666 1229 713 Aberit
1258 682 1358 713 non
1388 666 1555 730 longe,
1588 670 1709 730 quin
1737 666 1831 714 hoc
1860 685 1890 715 a

395 749 477 778 me
496 732 699 778 decerni
718 732 839 779 velit
864 749 1030 796 neque
1054 736 1120 779 sit
1143 740 1411 780 contentus
1433 733 1613 790 Galba,
1631 732 1888 792 Scaevola,

397 798 582 855 Cassio,
605 799 854 845 Antonio:

778 908 894 955 Τότε
917 928 997 969 μοι
1020 908 1153 971 χάνοι
1178 909 1327 970 εὐρεῖα
1350 908 1474 972 χθών
1497 907 1507 955 !

394 1021 510 1077 Sed,
575 1029 765 1084 quanta
829 1028 1110 1084 tempestas
1176 1022 1492 1085 impendeat,
1559 1021 1713 1070 vides.
1785 1022 1884 1082 Qui

395 1091 688 1134 transierint
730 1095 1008 1144 senatores,
1048 1088 1264 1135 scribam
1310 1088 1374 1135 ad
1418 1096 1490 1145 te,
1534 1105 1649 1135 cum
1693 1097 1890 1136 certum

396 1153 607 1201 habebo.
678 1155 758 1201 De
796 1171 850 1201 re
888 1154 1225 1201 frumentaria
1263 1161 1405 1202 recte
1443 1155 1715 1218 intellegis,
1755 1171 1887 1218 quae

395 1220 528 1267 nullo
548 1220 695 1267 modo
715 1221 1054 1267 administrari
1080 1224 1187 1267 sine
1206 1220 1536 1284 vectigalibus
1555 1228 1757 1284 potest3
1792 1238 1887 1269 nec

394 1291 502 1333 sine
521 1303 670 1333 causa
690 1294 744 1333 et
765 1303 866 1342 eos,
887 1290 971 1349 qui
990 1290 1180 1333 circum
1204 1287 1345 1333 illum
1368 1294 1504 1343 sunt,
1523 1291 1692 1334 omnia
1711 1295 1883 1350 postu·
1919 1320 1922 1324 -

394 1353 556 1399 lantes
577 1360 630 1399 et
647 1353 835 1400 bellum
853 1352 1105 1399 nefarium
1121 1356 1288 1400 times.
1323 1353 1621 1400 Trebatium
1638 1361 1887 1410 nostrum,

397 1422 511 1474 etsi,
538 1427 595 1466 ut
621 1419 814 1474 scribis,
841 1418 963 1465 nihil
989 1420 1121 1466 bene
1147 1426 1338 1482 sperat,
1365 1427 1540 1466 tamen
1566 1419 1739 1467 videre
1765 1437 1888 1467 sane

396 1485 561 1531 velim.
630 1485 796 1543 Quem
826 1484 904 1531 fac
934 1484 1170 1541 horteris,
1199 1493 1257 1532 ut
1286 1492 1557 1548 properet3
1603 1493 1888 1549 opportune

398 1555 532 1596 enim
569 1551 633 1597 ad
668 1568 750 1597 me
790 1559 909 1598 ante
946 1551 1222 1598 adventum
1258 1551 1486 1598 Caesaris
1523 1555 1736 1599 venerit.
1805 1553 1888 1600 De

399 1617 859 1673 Lanuvino,statim
871 1624 928 1664 ut
943 1617 1109 1664 audivi
1125 1616 1400 1664 Phameam
1414 1626 1688 1674 mortuum,
1698 1622 1884 1681 optavi,

395 1687 435 1729 si
460 1683 608 1729 modo
633 1690 768 1730 esset
792 1683 964 1730 futura
986 1700 1066 1730 res
1089 1684 1308 1746 publica,
1331 1691 1390 1731 ut
1412 1684 1464 1731 id
1487 1684 1663 1748 aliquis
1689 1693 1885 1732 emeret

396 1766 643 1805 meorum,
673 1766 839 1812 neque
868 1757 1043 1797 tamen
1073 1750 1137 1797 de
1166 1757 1240 1806 te,
1271 1754 1357 1813 qui
1386 1754 1610 1798 maxime
1639 1767 1781 1798 meus
1814 1767 1885 1807 es,

395 1819 628 1878 cogitavi.
697 1815 927 1862 Sciebam
947 1819 1082 1863 enim
1099 1823 1154 1863 te
1174 1816 1202 1833 “
1226 1824 1382 1879 quoto
1401 1833 1532 1863 anno
1556 1816 1586 1832 '’
1606 1823 1660 1864 et
1678 1816 1706 1834 ‘¹
1731 1833 1887 1880 quan-

396 1889 508 1928 tum
523 1885 573 1927 in
589 1881 692 1927 solo
719 1881 746 1897 ''
761 1882 925 1928 solere
942 1899 1190 1946 quaerere
1206 1899 1374 1945 neque
1390 1883 1552 1930 solum
1568 1883 1778 1938 Romae,
1793 1883 1883 1930 sed

398 1951 553 1994 etiam
579 1948 692 1994 Deli
719 1956 865 1995 tuum
889 1950 1156 2015 διάγραμμα
1182 1949 1444 1996 videram.¹
1496 1949 1687 1996 Verum
1712 1956 1886 1996 tamen

399 2030 492 2076 ego
531 2014 669 2069 illud,
703 2031 1008 2077 quamquam
1048 2022 1126 2062 est
1167 2015 1373 2071 bellum,
1405 2018 1611 2061 minoris
1656 2019 1884 2071 aestimo,

397 2096 549 2142 quam
568 2081 934 2127 aestimabatur
958 2080 1255 2128 Marcellino
1274 2081 1494 2137 consule,
1513 2098 1628 2127 cum
1649 2098 1744 2144 ego
1763 2085 1883 2128 istos

396 2145 619 2192 hortulos
649 2153 859 2209 propter
887 2147 1094 2195 domum
1122 2148 1264 2202 Anti,
1294 2164 1446 2210 quam
1474 2155 1587 2194 tum
1615 2146 1884 2204 habebam,

396 2212 710 2259 iucundiores
746 2211 867 2258 mihi
902 2212 1010 2260 fore
1044 2214 1288 2276 putabam
1324 2221 1377 2260 et
1411 2217 1605 2260 minore
1639 2217 1883 2276 impensa,

397 2294 547 2340 quam
569 2282 609 2324 si
631 2278 967 2325 Tusculanum
988 2279 1294 2326 refecissem.
1364 2279 1506 2326 Volui
1532 2278 1631 2325 HS.
1657 2279 1717 2338 Q.
1789 2279 1881 2343 Egi

396 2361 487 2406 per
519 2344 779 2407 praedem,
813 2346 894 2392 ille
929 2345 1076 2392 daret
1110 2349 1259 2399 tanti,
1293 2362 1407 2392 cum
1441 2344 1657 2392 haberet
1693 2346 1880 2393 venale.

669 2484 685 2508 ²
711 2485 943 2537 διάγραμμα
967 2484 1209 2536 Malespina
1231 2502 1243 2531 ,·
1274 2484 1492 2536 digamma
1509 2483 1640 2525 MSS.

398 2615 483 2645 222
