2014 3008
738 231 1020 280 MARCUS
1034 230 1043 236 ’
1059 230 1367 280 TULLIUS
1413 231 1663 279 CICERO

454 387 625 447 pserit,
647 387 819 446 itaque
841 399 894 428 se
916 384 1195 445 paenitere,
1218 381 1353 444 quod
1374 384 1600 428 animum
1620 388 1765 427 tuum
1787 379 1936 428 offen-

452 459 611 513 derit3
652 457 741 504 sed
764 473 817 503 se
841 459 947 502 iure
971 455 1164 502 fecisse.
1224 455 1424 502 Deinde
1447 456 1712 518 perscribit
1735 458 1942 518 spurcis-

452 535 592 586 sime,
614 547 737 593 quas
759 531 823 577 ob
842 546 1018 576 causas
1039 528 1234 576 fecerit.
1289 527 1390 575 Sed
1410 545 1576 592 neque
1597 527 1691 575 hoc
1711 535 1941 592 tempore

452 621 544 651 nec
570 611 722 651 antea
746 602 1074 666 patefecisset
1100 602 1271 649 odium
1296 619 1443 649 suum
1466 605 1518 648 in
1543 618 1644 658 me,
1670 604 1763 648 nisi
1788 604 1943 649 omni·

450 680 542 725 bus
562 680 711 725 rebus
732 694 814 724 me
837 693 945 724 esse
967 693 1261 741 oppressum
1282 677 1492 723 videret.
1550 677 1726 739 Atque
1749 679 1944 723 utinam

452 753 529 799 vel
555 755 828 808 nocturnis,
856 767 1008 815 quem
1035 751 1100 798 ad
1126 750 1332 798 modum
1358 757 1417 797 tu
1442 754 1729 814 scripseras,
1755 752 1944 797 itineri-

451 828 542 873 bus
590 829 792 890 propius
840 832 893 872 te
943 825 1289 872 accessissem!
1360 824 1521 881 Nunc,
1570 841 1663 871 nec
1713 825 1794 871 ubi
1850 840 1942 871 nec

451 901 652 964 quando
676 907 730 947 te
756 903 849 947 sim
874 902 1084 956 visurus,
1108 915 1312 963 possum
1336 902 1592 963 suspicari.

515 975 596 1022 De
628 974 957 1022 coheredibus
991 973 1262 1021 Fufidianis
1300 972 1422 1020 nihil
1458 973 1555 1020 fuit
1592 973 1727 1037 quod
1763 974 1828 1020 ad
1862 989 1943 1019 me

450 1050 719 1105 scriberes3
777 1065 893 1095 nam
931 1055 985 1095 et
1023 1064 1242 1112 aequum
1280 1047 1556 1111 postulant,
1596 1054 1666 1104 et,
1705 1046 1942 1111 quicquid

450 1125 654 1186 egisses,
667 1129 806 1169 recte
822 1138 930 1169 esse
945 1128 1116 1168 actum
1131 1128 1381 1185 putarem.
1421 1121 1501 1167 De
1518 1119 1675 1168 fundo
1694 1120 1940 1168 Frusinati

450 1197 742 1244 redimendo
763 1199 863 1243 iam
884 1196 1081 1260 pridem
1102 1195 1396 1243 intellexisti
1423 1195 1740 1242 voluntatem
1760 1211 1941 1242 meam.

450 1271 558 1317 Etsi
590 1278 701 1317 tum
732 1270 937 1317 meliore
970 1270 1078 1317 loco
1110 1286 1188 1317 res
1222 1276 1367 1316 erant
1400 1276 1602 1316 nostrae
1634 1285 1800 1332 neque
1833 1266 1939 1317 tam

449 1344 568 1391 mihi
590 1345 916 1408 desperatum
937 1347 996 1390 iri
1018 1344 1342 1399 videbantur,
1363 1352 1539 1390 tamen
1559 1347 1610 1389 in
1633 1343 1813 1391 eadem
1833 1360 1943 1390 sum

450 1418 724 1466 voluntate.
798 1418 857 1465 Id
882 1433 1035 1481 quem
1055 1417 1122 1465 ad
1146 1417 1353 1464 modum
1381 1417 1487 1473 fiat,
1512 1424 1572 1464 tu
1596 1417 1801 1464 videbis.
1876 1417 1944 1464 Et

449 1493 615 1549 velim,
653 1492 788 1556 quod
825 1495 1031 1556 poteris,
1069 1492 1373 1547 consideres,
1412 1498 1469 1538 ut
1505 1494 1587 1547 sit,
1628 1491 1761 1538 unde
1799 1492 1942 1538 nobis

452 1566 840 1631 suppeditentur
863 1573 1093 1630 sumptus
1116 1569 1399 1613 necessarii.
1457 1564 1506 1611 Si
1531 1582 1655 1628 quas
1677 1564 1943 1613 habuimus

450 1640 736 1696 facultates,
761 1657 844 1687 eas
869 1639 1109 1703 Pompeio
1131 1647 1261 1696 tum,
1285 1656 1401 1686 cum
1422 1639 1476 1686 id
1497 1639 1792 1687 videbamur
1815 1642 1942 1703 sapi·

449 1722 594 1762 enter
621 1714 806 1771 facere,
834 1714 1121 1762 detulimus.
1188 1714 1369 1777 Itaque
1398 1721 1509 1760 tum
1539 1720 1593 1761 et
1621 1730 1651 1760 a
1679 1721 1769 1761 tuo
1798 1713 1942 1761 vilico

448 1791 748 1852 sumpsimus
773 1796 826 1836 et
850 1788 1052 1835 aliunde
1077 1792 1297 1835 mutuati
1322 1803 1521 1843 sumus;
1565 1787 1941 1846 nunc’Quintus

448 1866 675 1926 queritur
699 1879 790 1926 per
816 1862 1011 1909 litteras
1038 1863 1130 1909 sibi
1157 1878 1246 1909 nos
1272 1861 1392 1908 nihil
1420 1861 1637 1918 dedisse,
1664 1865 1747 1926 qui
1776 1878 1942 1926 neque

448 1938 511 1983 ab
533 1936 615 1983 illo
636 1940 799 2000 rogati
824 1953 994 1983 sumus
1018 1953 1183 2000 neque
1205 1939 1297 2000 ipsi
1323 1953 1437 1983 eam
1457 1939 1724 2000 pecuniam
1747 1939 1940 2000 aspexi·

446 2028 570 2057 mus,
641 2010 741 2058 Sed
765 2011 914 2058 velim
939 2011 1127 2066 videas,
1153 2010 1274 2074 quid
1298 2014 1380 2066 sit,
1407 2010 1542 2074 quod
1565 2010 1738 2057 confici
1766 2014 1939 2074 possit,

447 2085 667 2148 quidque
706 2085 823 2131 mihi
865 2085 928 2132 de
966 2087 1197 2132 omnibus
1241 2085 1328 2133 des
1366 2085 1586 2141 consilii3
1649 2092 1702 2132 et
1738 2101 1939 2132 causam

446 2162 591 2205 nosti.
911 2166 914 2168 ’

511 2230 659 2278 Plura
692 2248 754 2279 ne
788 2233 1020 2288 scribam,
1053 2232 1223 2279 dolore
1256 2232 1515 2295 impedior.
1586 2231 1634 2278 Si
1669 2232 1791 2296 quid
1823 2235 1935 2287 erit,

445 2305 580 2368 quod
608 2305 672 2352 ad
701 2322 824 2368 quos
853 2306 1173 2352 scribendum
1203 2322 1315 2353 meo
1343 2309 1545 2352 nomine
1575 2312 1740 2369 putes,
1773 2305 1935 2360 velim,

445 2387 501 2425 ut
532 2379 676 2435 soles,
707 2379 876 2426 faciaS.
909 2383 1242 2443 quotiensque
1275 2379 1498 2435 habebis,
1530 2382 1607 2427 cui
1639 2379 1728 2427 des
1761 2379 1826 2426 ad
1854 2396 1936 2427 me

444 2453 654 2511 litteras,
687 2454 838 2502 nolim
866 2458 1259 2519 praetermittas.
1327 2454 1459 2501 Vale.

446 2660 532 2704 392
