1988 3008
692 247 974 296 MARCUS
1019 249 1320 297 TULLIUS
1365 250 1616 299 CICERO

411 379 643 440 splendor
674 386 750 424 est
783 385 1023 430 vestrum,
1055 386 1109 424 ut
1140 378 1317 425 eadem
1353 379 1668 442 postulentur
1699 398 1727 428 a
1759 381 1895 428 vobis

410 482 540 527 quae
567 467 631 510 ab
657 464 970 525 amplissimis
997 465 1199 510 civibus.
1270 463 1370 511 Sed
1396 466 1460 512 de
1489 465 1579 513 hoc
1606 473 1658 512 tu
1691 467 1895 514 videbis.

409 557 595 613 quippe
631 567 743 597 cum
781 551 843 596 de
881 567 959 596 me
999 555 1103 613 ipso
1139 567 1195 597 ac
1231 551 1294 597 de
1333 556 1456 599 meis
1495 559 1545 599 te
1581 554 1895 600 considerare

410 641 569 684 velim.

478 724 741 785 Reliquum
779 733 873 777 est,
910 732 980 778 ut,
1017 732 1068 771 et
1105 726 1222 787 quid
1259 733 1458 785 agatur.
1493 727 1657 789 quoad
1695 731 1896 788 poteris.

414 812 642 873 explores
675 812 962 874 scribasque
998 812 1059 858 ad
1096 828 1193 866 me,
1230 819 1281 858 et
1318 813 1435 875 quid
1473 816 1576 875 ipse
1611 817 1894 860 coniectura

413 915 699 961 assequare.
734 897 868 961 quod
904 902 1056 944 etiam
1096 916 1124 944 a
1161 905 1212 945 te
1248 903 1407 962 magis
1443 907 1695 962 exspecto.
1771 900 1895 946 Nam

412 992 523 1031 acta
570 986 797 1030 omnibus
844 986 1212 1031 nuntiantibus.
1259 1002 1286 1031 a
1331 991 1382 1031 te
1427 994 1668 1049 exspecto
1713 986 1883 1034 futura

410 1073 588 1122 Μάντις
629 1070 666 1118 δ’
707 1073 973 1133 ἅριστος-.
1047 1070 1364 1134 Loquacitati
1405 1074 1647 1136 ignosces,
1679 1090 1808 1136 quae
1846 1081 1895 1120 et

413 1174 493 1205 me
523 1157 656 1204 levat
687 1158 749 1203 ad
780 1164 831 1204 te
861 1158 1065 1221 quidem
1095 1156 1398 1205 scribentem
1430 1165 1484 1206 et
1513 1159 1648 1206 elicit
1678 1166 1791 1206 tuas
1826 1160 1888 1206 ‘eit-

414 1251 560 1291 teras.
635 1244 882 1307 Aenigma
939 1243 1215 1307 Oppiorum
1276 1260 1337 1290 ex
1399 1244 1534 1291 Velia
1598 1246 1743 1306 plane
1802 1263 1896 1294 non

416 1330 669 1385 intellexi3
718 1339 794 1377 est
827 1338 958 1377 emm
994 1347 1201 1378 numero
1237 1329 1455 1379 Platonis
1487 1333 1775 1380 obscurius.¹

1077 1642 1150 1688 XI
1157 1642 1235 1689 Ha

906 1764 1080 1796 menno
1116 1764 1288 1796 ATTICO
1323 1765 1419 1797 SAL.

61 1864 158 1913 Sor,
184 1864 384 1913 Memm-
480 1856 586 1905 Iam
606 1855 832 1904 intellexi
851 1862 998 1904 tuum
1014 1871 1027 1911 ;
1062 1855 1254 1919 Oppios
1272 1860 1405 1903 enim
1424 1856 1489 1904 de
1507 1855 1649 1904 Velia
1668 1873 1900 1906 saccones

62 1934 134 1980 ’li-⁹
172 1933 212 1981 V
214 1933 300 1980 ῙῙῙ
329 1932 388 1980 Κ·
414 1945 550 1992 dicis.
623 1943 681 1990 In
704 1959 766 1991 eo
789 1944 1014 1991 aestuavi
1038 1942 1139 1990 diu.
1209 1941 1323 2001 Quo
1345 1949 1522 2007 aperto
1547 1943 1737 2008 reliqua
1761 1953 1898 2008 pate-

65 2000 193 2117 ξὸἒτ
219 2016 262 2047 a·
417 2033 541 2079 bant
589 2037 642 2078 et
689 2046 801 2077 cum
849 2029 1120 2077 Terentiae
1169 2046 1364 2077 summa
1409 2031 1772 2094 congruebant.
1842 2030 1896 2078 L.

417 2117 684 2165 Caesarem
713 2116 812 2164 vidi
843 2115 1131 2164 Menturnis
1158 2132 1202 2163 a.
1233 2115 1282 2163 d.
1311 2131 1403 2163 vm
1427 2115 1547 2163 Kal.
1578 2115 1723 2164 Febr.
1752 2133 1901 2164 mane

414 2221 529 2252 cum
547 2203 912 2251 absurdissimis
927 2202 1197 2258 mandatis,
1215 2219 1314 2250 non
1331 2201 1604 2258 hominem,
1622 2202 1711 2251 sed
1727 2219 1901 2268 scopas

417 2291 620 2345 solutas,
645 2297 702 2337 ut
725 2290 775 2337 id
801 2293 961 2353 ipsum
987 2288 1106 2336 mihi
1130 2289 1214 2337 ille
1238 2288 1468 2337 videatur
1491 2288 1730 2337 irridendi
1752 2307 1899 2338 causa

419 2377 611 2423 fecisse.
649 2380 730 2440 qui
774 2380 925 2423 tantis
963 2376 1027 2423 de
1065 2377 1212 2424 rebus
1248 2375 1364 2423 huic
1400 2375 1641 2423 mandata
1676 2375 1903 2432 dederit3

476 2515 490 2539 ¹
517 2488 1020 2567 Aenigma—obseurius,
1051 2514 1300 2566 transferred
1331 2514 1381 2565 by
1413 2513 1462 2554 O.
1494 2513 1546 2554 E.
1578 2513 1765 2555 Schmidt
1789 2515 1902 2565 from

415 2567 478 2609 che
496 2569 718 2621 beqinninq
736 2568 782 2620 of
796 2568 962 2609 XIIIa.

416 2646 475 2703 64
