2014 3008
770 220 1054 268 MARCUS
1099 220 1400 269 TULLIUS
1448 220 1699 269 CICERO

486 357 541 396 ut
570 366 647 404 ea,
677 366 806 412 quae
836 352 1001 412 egisti.
1074 349 1133 395 In
1158 353 1433 413 primisque
1459 349 1554 396 hoc
1579 349 1728 396 velim
1756 350 1978 398 animad-

483 437 664 476 vertas.
724 428 917 476 Multos
935 445 1043 476 esse
1060 430 1290 486 arbitror,
1305 433 1389 493 qui
1411 429 1476 476 ad
1495 429 1763 477 Caesarem
1783 430 1978 478 detule-

481 512 583 555 rint
607 508 888 556 delaturive
913 511 1014 556 sint
1037 526 1120 556 me
1146 516 1234 556 aut
1259 513 1521 573 paenitere
1546 509 1736 556 consilii
1762 513 1860 557 mei
1888 517 1977 558 aut

481 605 582 636 non
625 590 854 652 probare,
900 605 1030 653 quae
1074 589 1213 636 fiant.
1293 589 1520 648 Quorum
1565 592 1659 637 etsi
1703 597 1978 654 utrumque

481 685 655 716 verum
677 676 771 724 est,
792 676 968 717 tamen
988 670 1052 716 ab
1070 669 1165 716 illis
1187 669 1371 717 dicitur
1392 673 1559 717 animo
1581 687 1611 716 a
1632 687 1714 717 me
1739 670 1976 727 alienato,

481 765 581 796 non
606 766 706 812 quo
728 752 803 796 ita
828 766 936 797 esse
961 753 1328 813 perspexerint.
1398 748 1500 796 Sed
1522 756 1691 797 totum
1714 753 1767 796 in
1794 766 1854 797 eo
1880 757 1975 808 est,

481 836 539 876 ut
565 829 660 876 hoc
687 829 872 877 Balbus
901 833 1152 877 sustineat
1182 837 1235 877 et
1265 829 1479 893 Oppius,
1508 837 1562 877 et
1591 846 1765 877 eorum
1791 831 1978 877 crebris

481 909 663 956 litteris
691 909 822 956 illius
853 910 1083 957 voluntas
1114 926 1236 974 erga
1265 926 1347 957 me
1377 909 1718 957 confirmetur.
1788 910 1857 957 Et
1885 909 1980 957 hoc

479 989 629 1053 plane
667 997 724 1036 ut
761 990 867 1046 fiat,
904 989 1223 1054 diligentiam
1260 990 1538 1037 adhibebis.
1611 990 1845 1037 Alterum
1883 997 1979 1047 est,

480 1087 568 1116 cur
594 1078 646 1117 te
673 1070 826 1116 nolim
852 1070 1128 1127 discedere,
1156 1070 1291 1134 quod
1316 1071 1491 1118 scribis
1517 1070 1734 1117 Tulliam
1758 1078 1812 1116 te
1842 1069 1980 1134 flagi-

480 1157 604 1196 tare.
676 1150 721 1197 O
740 1166 848 1196 rem
866 1151 1126 1197 miseram!
1166 1150 1288 1214 quid
1305 1152 1522 1198 scribam
1542 1158 1632 1198 aut
1651 1151 1775 1214 quid
1795 1150 1979 1197 velim?

480 1229 639 1276 Breve
672 1230 872 1286 faciam,
905 1230 1140 1278 lacrimae
1174 1234 1308 1277 enim
1339 1247 1393 1277 se
1425 1232 1593 1277 subito
1623 1229 1975 1294 profuderunt.

478 1310 589 1356 Tibi
640 1313 897 1373 permitto,
936 1317 995 1358 tu
1043 1311 1274 1366 consule;
1341 1317 1545 1358 tantum
1592 1310 1724 1367 vide,
1774 1327 1838 1357 ne
1886 1309 1980 1358 hoc

480 1397 710 1453 tempore
735 1393 819 1437 isti
847 1392 1023 1438 obesse
1051 1391 1240 1454 aliquid
1265 1393 1436 1454 possit.
1509 1391 1740 1455 Ignosce,
1767 1392 1974 1438 obsecro

479 1477 548 1516 te.
619 1470 732 1517 Non
762 1488 966 1534 possum
994 1488 1115 1534 prae
1144 1470 1269 1518 fletu
1299 1478 1353 1518 et
1381 1471 1551 1518 dolore
1581 1470 1771 1518 diutius
1798 1473 1852 1517 in
1880 1470 1975 1518 hoc

482 1550 589 1597 loco
621 1554 932 1597 commorari.
1002 1551 1223 1598 Tantum
1255 1551 1437 1607 dicam,
1471 1550 1593 1597 nihil
1626 1551 1749 1598 mihi
1782 1554 1974 1615 gratius

480 1647 606 1686 esse,
633 1648 784 1694 quam
809 1631 943 1694 quod
969 1647 1081 1677 eam
1106 1631 1284 1695 diligis.

543 1710 692 1768 Quod
710 1711 925 1766 litteras,
945 1713 1125 1775 quibus
1143 1719 1293 1775 putas
1311 1729 1436 1774 opus
1456 1728 1582 1768 esse,
1600 1728 1742 1759 curas
1761 1710 1970 1768 dandas,

479 1790 600 1837 facis
625 1791 902 1838 commode.
973 1791 1220 1850 Quintum
1246 1791 1402 1838 filium
1429 1792 1527 1839 vidi
1553 1795 1637 1855 qui
1665 1791 1800 1838 Sami
1828 1791 1972 1839 vidis-

479 1879 575 1927 set,
601 1878 799 1935 patrem
824 1870 1052 1936 Sicyone.
1122 1871 1350 1930 Quorum
1375 1872 1669 1935 deprecatio
1695 1879 1774 1919 est
1798 1871 1973 1918 facilis.

480 1950 693 1997 Utinam
724 1951 810 2008 illi,
845 1955 928 2015 qui
962 1955 1098 2014 prius
1130 1951 1270 1998 illum
1305 1951 1539 2008 viderint,
1572 1968 1654 1998 me
1688 1951 1823 2014 apud
1857 1967 1974 1998 eum

479 2030 637 2077 velint
664 2030 895 2078 adiutum
921 2038 1141 2088 tantum,
1170 2039 1417 2096 quantum
1445 2048 1540 2096 ego
1567 2031 1675 2078 illos
1707 2031 1904 2087 vellem,
1931 2034 1969 2078 si

480 2111 602 2174 quid
625 2111 849 2174 possem!

544 2190 694 2249 Quod
723 2208 884 2256 rogas,
914 2199 971 2239 ut
997 2195 1049 2238 in
1077 2193 1261 2239 bonam
1288 2199 1488 2255 partem
1515 2194 1777 2255 accipiam,
1806 2194 1845 2238 si
1875 2208 1974 2255 qua

481 2275 580 2318 sint
610 2275 661 2317 in
692 2275 791 2318 tuis
822 2271 1024 2328 litteris,
1057 2289 1187 2336 quae
1218 2289 1300 2319 me
1331 2271 1617 2328 mordeant,
1650 2288 1745 2335 ego
1778 2288 1893 2318 vero
1923 2274 1975 2317 in

485 2354 749 2414 optimam,
785 2359 942 2415 teque
980 2369 1117 2416 rogo,
1156 2359 1212 2399 ut
1249 2359 1443 2415 aperte,
1482 2368 1632 2414 quem
1669 2350 1733 2398 ad
1768 2350 1974 2398 modum

483 2430 621 2487 facis,
649 2432 835 2478 scribas
862 2431 927 2478 ad
951 2448 1034 2478 me
1060 2435 1228 2478 omnia
1253 2431 1405 2497 idque
1432 2431 1587 2478 facias
1615 2447 1767 2496 quam
1791 2433 1976 2495 saepis-

479 2513 617 2557 sime.
689 2511 813 2559 Vale
838 2527 951 2558 XIIII
982 2511 1042 2559 K.
1072 2511 1177 2560 Ian.

487 2637 576 2683 374
