1988 3008
732 257 1013 306 MARCUS
1056 257 1358 306 TULLIUS
1407 258 1657 306 CICERO

454 407 605 454 quam
622 387 878 436 Africani?
930 387 1011 434 Ita
1026 393 1228 450 tempus
1245 385 1482 450 ferebat),
1500 390 1539 434 si
1557 387 1762 451 quidem
1780 391 1934 436 etiam

454 488 538 517 vos
571 470 669 517 duo
700 468 828 516 tales
849 467 914 515 ad
934 470 1166 531 quintum
1192 467 1460 514 miliarium
1480 468 1601 531 quid
1619 485 1752 516 nunc
1771 472 1935 533 ipsum

453 552 516 598 de
547 567 599 597 se
629 551 908 613 recipienti,
938 548 1060 612 quid
1089 550 1280 612 agenti,
1310 548 1431 611 quid
1460 549 1668 596 acturo?
1730 548 1936 608 Quanto

453 638 626 678 autem
644 630 856 677 ferocius
873 629 956 676 ille
974 645 1155 676 causae
1175 645 1294 676 suae
1313 628 1550 686 confidet,
1567 646 1682 677 cum
1700 646 1803 687 vos,
1820 647 1935 678 cum

453 715 605 759 vestri
635 710 818 758 similes
851 727 950 756 non
982 709 1131 756 modo
1163 709 1473 772 frequentes,
1506 710 1596 758 sed
1626 709 1761 758 laeto
1793 711 1935 759 vultu

451 791 764 857 gratulantes
785 790 992 838 viderit!
1047 789 1074 806 “
1100 790 1234 837 Num
1254 793 1408 854 igitur
1427 791 1728 854 peccamus?
1754 790 1781 807 ’'
1837 791 1935 839 Mi-

452 877 586 920 nime
624 889 709 919 vos
748 871 980 935 quidem3
1036 871 1126 918 sed
1162 878 1336 918 tamen
1374 874 1517 935 signa
1553 873 1940 930 conturbantur,

452 955 630 1017 quibus
650 952 880 999 voluntas
900 969 930 998 a
949 951 1266 998 simulatione
1287 951 1529 1016 distingui
1548 959 1734 1016 posset.
1789 953 1933 1012 Quae

452 1051 567 1081 vero
607 1040 811 1080 senatus
849 1032 1077 1079 consulta
1115 1032 1295 1079 video?
1362 1032 1463 1079 Sed
1502 1036 1742 1096 apertius,
1782 1051 1933 1098 quam

450 1131 820 1179 proposueram.

512 1181 623 1259 Ego
669 1195 844 1257 Arpini
889 1193 998 1241 volo
1032 1210 1140 1241 esse
1173 1194 1333 1258 pridie
1370 1194 1500 1251 Kal„
1534 1194 1717 1242 deinde
1748 1198 1934 1243 circum

450 1275 640 1322 villulas
672 1282 866 1322 nostras
900 1291 1083 1331 errare,
1117 1291 1239 1338 quas
1272 1277 1491 1322 visurum
1523 1292 1604 1323 me
1638 1283 1816 1340 postea
1848 1277 1934 1325 de-

450 1359 657 1420 speravi.
725 1359 901 1420 Εὖγενῆ
919 1362 1009 1402 tua
1030 1355 1232 1402 consilia
1252 1363 1305 1403 et
1324 1362 1498 1402 tamen
1516 1373 1606 1420 pro
1622 1358 1934 1421 temporibus

449 1454 550 1484 non
579 1440 782 1483 incauta
812 1435 933 1482 mihi
966 1435 1110 1483 valde
1143 1437 1434 1500 probantur.
1502 1436 1695 1500 Lepido
1727 1439 1933 1502 quidem

451 1518 588 1580 (nam
611 1516 716 1564 fere
745 1517 1179 1580 συνδιημερεύομεν,
1206 1517 1342 1580 quod
1370 1520 1710 1581 gratissimum
1739 1518 1809 1566 illi
1835 1519 1932 1583 est)

450 1614 725 1661 numquam
747 1596 936 1660 placuit
960 1613 1024 1644 ex
1052 1597 1201 1644 Italia
1226 1601 1381 1654 exire,
1404 1598 1546 1645 Tullo
1569 1598 1729 1647 multo
1752 1602 1931 1648 minus.

451 1678 637 1725 Crebro
663 1680 796 1724 enim
820 1677 949 1724 illius
974 1678 1176 1725 litterae
1204 1679 1267 1725 ab
1293 1679 1399 1725 aliis
1426 1679 1491 1726 ad
1515 1696 1604 1727 nos
1629 1688 1930 1729 commeant.

450 1758 550 1805 Sed
578 1775 659 1805 me
688 1757 883 1805 illorum
913 1761 1198 1806 sententiae
1228 1762 1391 1806 minus
1420 1761 1721 1817 movebant;
1768 1765 1932 1810 minus

449 1838 608 1885 multa
642 1838 888 1885 dederant
920 1839 990 1885 illi
1023 1842 1095 1886 rei
1130 1839 1361 1902 publicae
1395 1843 1620 1904 pignora.
1688 1842 1796 1889 Tua
1828 1860 1932 1890 me-

449 1918 649 1966 hercule
669 1922 940 1966 auctoritas
959 1919 1288 1967 vehementer
1304 1929 1475 1968 movet
1492 1937 1503 1976 ;
1541 1921 1708 1970 adfert
1726 1927 1860 1971 enim
1879 1931 1933 1972 et

448 1999 625 2062 reliqui
656 2003 896 2062 temporis
927 2001 1256 2064 recuperandi
1287 2005 1536 2049 rationem
1568 2010 1622 2050 et
1651 2007 1931 2067 praesentis

450 2079 640 2126 tuendi.
714 2078 829 2137 Sed,
869 2081 1075 2127 obsecro
1113 2088 1184 2138 te,
1224 2082 1345 2145 quid
1383 2081 1475 2132 hoc
1513 2086 1740 2132 miserius
1780 2102 1932 2149 quam

450 2159 664 2206 alterum
680 2159 882 2223 plausus
898 2163 949 2207 in
966 2160 1253 2208 foedissima
1268 2179 1419 2210 causa
1436 2180 1697 2226 quaerere,
1715 2165 1932 2214 alterum

449 2239 744 2287 offensiones
772 2243 823 2286 in
851 2242 1076 2304 optima?
1124 2242 1339 2290 alterum
1367 2246 1644 2291 existimari
1673 2262 1932 2294 conserva-

449 2326 612 2366 torem
649 2323 979 2378 inimicorum,
1019 2322 1234 2370 alterum
1273 2323 1584 2372 desertorem
1624 2328 1931 2374 amicorum?

451 2399 519 2446 Et
554 2399 858 2457 mehercule,
895 2406 1119 2465 quamvis
1156 2420 1382 2451 amemus
1419 2405 1651 2452 Gnaeum
1686 2414 1930 2465 nostrum,

451 2486 509 2525 ut
539 2486 593 2526 et
622 2479 830 2528 facimus
862 2488 915 2528 et
945 2482 1206 2541 debemus,
1236 2491 1409 2532 tamen
1440 2484 1551 2543 hoc,
1582 2487 1718 2551 quod
1746 2487 1930 2536 talibus

450 2561 563 2606 viris
594 2576 695 2607 non
724 2562 973 2620 subvenit,
1004 2562 1207 2612 laudare
1238 2582 1338 2612 non
1368 2582 1584 2630 possum.
1649 2567 1796 2626 Nam,
1826 2572 1929 2617 sive

453 2668 537 2713 126
