1988 3008
684 233 967 281 MARCUS
1011 231 1312 280 TULLIUS
1359 230 1609 279 CICERO

403 381 527 428 opus
547 366 629 420 sit,
649 364 932 409 accesserit.
990 361 1170 407 Dices:
1191 359 1217 376 ‘⁴
1243 359 1379 418 Quid
1397 362 1553 422 igitur
1570 358 1784 421 proficis,
1804 360 1890 421 qui

404 434 648 493 anticipes
688 432 792 475 eius
829 431 903 474 rei
940 427 1241 482 molestiam,
1280 443 1432 489 quam
1469 426 1638 472 triduo
1675 428 1890 473 sciturus

403 498 502 545 sis?
527 496 554 512 ''
623 495 758 542 Nihil
779 494 1043 557 equidem3
1067 493 1173 549 sed,
1194 500 1252 540 ut
1273 509 1423 555 supra
1443 492 1565 547 dixi,
1585 499 1758 539 tecum
1777 508 1890 554 per-

402 564 620 610 libenter
640 562 832 625 loquor,
856 568 908 607 et
930 559 1076 606 simul
1098 563 1225 606 scito
1245 559 1417 606 labare
1438 575 1611 605 meum
1631 557 1890 605 consilium

402 630 543 685 illud,
563 629 698 692 quod
718 631 839 675 satis
858 630 959 673 iam
979 627 1136 673 fixum
1155 626 1436 673 videbatur.
1493 625 1607 672 Non
1625 624 1748 671 mihi
1767 627 1891 671 satis

403 697 570 743 idonei
605 702 722 742 sunt
758 701 987 741 auctores
1021 696 1073 749 ii,
1108 696 1194 756 qui
1229 709 1258 739 a
1291 699 1345 738 te
1379 693 1672 755 probantur.
1741 690 1891 749 Quod

405 766 540 810 enim
566 778 807 824 umquam
836 777 1010 807 eorum
1035 762 1088 806 in
1113 776 1167 806 re
1195 759 1398 822 publica
1424 757 1556 805 forte
1583 758 1776 804 factum
1804 774 1888 804 ex-

404 830 571 876 stitit?
617 836 706 875 aut
732 830 841 890 quis
868 828 932 873 ab
957 829 1016 872 iis
1042 826 1195 872 ullam
1220 842 1328 872 rem
1352 825 1502 871 laude
1528 825 1735 888 dignam
1760 824 1898 871 desi*

404 896 584 943 derat?
652 895 759 941 Nec
776 893 1064 940 mehercule
1081 891 1358 939 laudandos
1378 894 1629 946 existimo,
1648 893 1732 954 qui
1750 898 1891 937 trans

404 979 542 1009 mare
569 961 688 1008 belli
714 960 923 1024 parandi
950 976 1100 1006 causa
1127 958 1341 1022 profecti
1369 965 1501 1004 sunt.
1571 957 1892 1020 Quamquam

404 1029 530 1075 haec
565 1028 775 1075 ferenda
808 1044 909 1073 non
945 1033 1104 1073 erant.
1173 1025 1333 1072 Video
1369 1027 1522 1080 enim,
1557 1031 1805 1087 quantum
1838 1023 1892 1070 id

404 1095 593 1152 bellum
633 1101 687 1141 et
726 1110 879 1157 quam
917 1091 1216 1156 pestiferum
1255 1091 1482 1138 futurum
1521 1094 1601 1138 sit.
1670 1089 1771 1137 Sed
1809 1106 1891 1137 me

404 1169 576 1209 movet
596 1177 724 1208 unus
745 1163 844 1215 vir3
882 1162 1021 1206 cuius
1042 1158 1284 1222 fugientis
1305 1174 1489 1214 comes,
1509 1174 1618 1205 rem
1637 1157 1893 1219 publicam

405 1230 750 1292 recuperantis
776 1229 936 1274 socius
962 1226 1134 1272 videor
1160 1242 1268 1272 esse
1295 1225 1498 1271 debere.
1568 1223 1595 1240 ‘⁴
1619 1224 1892 1271 Totiensne

405 1299 560 1359 igitur
600 1297 907 1341 sententiam
947 1292 1149 1339 mutas?
1175 1290 1201 1307 ‘¹
1269 1292 1379 1355 Ego
1420 1299 1591 1338 tecum
1630 1298 1893 1354 tamquam

405 1379 605 1408 mecum
626 1361 817 1424 loquor.
886 1359 1010 1418 Quis
1034 1365 1207 1405 autem
1232 1366 1326 1414 est,
1350 1365 1498 1404 tanta
1521 1357 1726 1420 quidem
1749 1357 1813 1404 de
1837 1373 1892 1404 re

406 1431 526 1492 quin
545 1430 680 1475 varie
699 1443 870 1474 secum
887 1429 993 1489 ipse
1013 1425 1274 1488 disputet?
1310 1424 1455 1471 simul
1475 1432 1528 1471 et
1547 1423 1728 1471 elicere
1747 1426 1893 1486 cupio

406 1497 713 1542 sententiam
738 1501 898 1548 tuam,
923 1495 962 1539 si
986 1499 1178 1548 manet,
1203 1498 1261 1538 ut
1286 1491 1471 1537 firmior
1495 1494 1605 1546 sim,
1630 1493 1669 1537 si
1693 1497 1895 1540 mutata

407 1569 503 1617 est,
526 1568 584 1608 ut
606 1562 699 1608 tibi
725 1560 992 1606 adsentiar.
1063 1559 1281 1606 Omnino
1306 1558 1368 1604 ad
1392 1558 1460 1613 id,
1485 1557 1547 1604 de
1573 1574 1672 1620 quo
1696 1557 1895 1613 dubito,

407 1631 631 1692 pertinet
667 1643 748 1673 me
786 1629 929 1682 scire,
966 1626 1086 1689 quid
1124 1625 1378 1671 Domitius
1416 1632 1618 1671 acturus
1655 1627 1738 1681 sit,
1774 1623 1895 1687 quid

406 1701 577 1742 noster
603 1693 862 1740 Lentulus.
1476 1704 1478 1706 ’

472 1762 552 1807 Ι)6
586 1761 812 1807 Domitio
846 1761 981 1805 varia
1013 1758 1260 1814 audimus,
1292 1757 1441 1804 modo
1474 1773 1583 1804 esse
1614 1759 1666 1803 in
1697 1756 1893 1804 Tiburti

407 1827 533 1874 haut
551 1827 737 1890 lepide,
757 1826 906 1872 modo
927 1842 1041 1871 cum
1063 1825 1266 1887 Lepidis
1287 1824 1305 1853 ¹
1327 1827 1593 1870 accessisse
1616 1823 1680 1870 ad
1700 1824 1894 1879 urbem,

408 1894 543 1958 quod
562 1897 687 1940 item
706 1892 888 1939 falsum
908 1892 1053 1938 video
1074 1908 1197 1938 esse.
1267 1891 1356 1937 Ait
1377 1893 1512 1937 enim
1533 1890 1755 1954 Lepidus
1777 1907 1894 1937 eum

408 1964 575 2008 nescio
616 1977 715 2023 quo
756 1966 1049 2023 penetrasse
1090 1958 1353 2004 itineribus
1394 1957 1602 2003 occultis
1643 1956 1895 2004 occultan-

408 2028 459 2075 di
494 2030 567 2074 sui
601 2043 751 2073 causa
785 2043 848 2072 an
882 2028 1032 2071 maris
1067 2024 1339 2088 apiscendi,
1374 2041 1437 2070 ne
1471 2027 1511 2070 is
1545 2023 1750 2086 quidem
1783 2026 1893 2070 scit.

410 2094 618 2158 Ignorat
650 2096 805 2139 etiam
836 2092 898 2138 de
932 2091 1045 2137 filio.
1115 2091 1275 2138 Addit
1305 2090 1427 2137 illud
1458 2107 1577 2136 sane
1608 2089 1894 2145 molestum,

409 2163 674 2223 pecuniam
715 2159 941 2205 Domitio
981 2160 1102 2204 satis
1140 2157 1402 2221 grandem,
1442 2173 1594 2219 quam
1632 2159 1672 2202 is
1712 2155 1895 2202 Corfini

409 2226 661 2281 habuerit,
704 2242 804 2271 non
847 2241 955 2272 esse
998 2224 1266 2271 redditam.
1337 2224 1416 2269 De
1462 2222 1679 2269 Lentulo
1723 2229 1896 2269 autem

410 2292 530 2339 nihil
559 2293 803 2339 audimus.
873 2291 1014 2338 Haec
1044 2290 1191 2337 velim
1221 2293 1453 2353 exquiras
1482 2289 1544 2336 ad
1573 2305 1756 2352 meque
1783 2305 1895 2352 per-

410 2360 610 2406 scribas.

468 2504 484 2528 ¹
512 2507 591 2544 aut
615 2503 742 2554 lepidi
770 2516 854 2554 quo
880 2516 976 2542 cum
1004 2502 1169 2553 lepidus
1195 2502 1247 2541 M
1266 2516 1279 2541 .·
1319 2501 1383 2541 the
1408 2500 1578 2550 reading]
1602 2500 1648 2551 of
1667 2499 1730 2540 the
1755 2506 1836 2540 text
1860 2499 1899 2539 is

408 2557 492 2597 that
513 2558 559 2607 os
575 2557 746 2607 Tyr-rell,
769 2557 855 2597 who
874 2563 1061 2608 suspects
1079 2569 1105 2595 a
1125 2569 1215 2607 pan
1236 2569 1288 2596 on
1308 2555 1372 2595 the
1393 2568 1512 2594 name
1536 2553 1732 2606 Lepidus.

415 2647 499 2701 164
