1988 3008
691 244 972 292 MARCUS
1016 242 1316 291 TULLIUS
1361 241 1611 290 CICERO

415 376 560 424 laude
582 374 804 438 Pompei.
848 373 908 420 Id
930 375 1063 419 enim
1083 372 1167 418 illa
1188 374 1443 418 sententia
1463 370 1769 435 postulabat,
1791 371 1891 435 qua

412 443 550 490 illum
571 442 644 489 ad
670 439 984 488 concordiam
1012 438 1265 485 hortabar.
1332 438 1432 485 Eas
1461 441 1500 485 si
1520 455 1619 501 quo
1632 438 1719 484 ille
1738 442 1890 495 misit,

412 513 464 556 in
491 508 691 573 publico
719 513 967 571 proponat
996 505 1159 553 velim.
1223 505 1424 552 Alteras
1455 505 1634 552 eodem
1663 505 1745 552 die
1775 505 1893 553 dedi

413 593 512 639 quo
535 575 625 622 has
651 574 717 622 ad
740 581 810 621 te.
879 573 993 620 Non
1017 575 1159 635 potui
1185 588 1286 618 non
1311 571 1449 629 dare,
1474 589 1589 619 cum
1615 579 1669 619 et
1694 575 1800 635 ipse
1827 572 1892 620 ad

411 659 493 689 me
528 644 804 704 scripsisset
839 647 892 687 et
925 639 1125 687 Balbus.
1193 639 1381 685 Earum
1416 638 1705 702 exemplum
1739 639 1804 687 ad
1837 646 1891 686 te

411 711 537 756 misi.
597 707 731 755 Nihil
756 708 969 754 arbitror
993 705 1118 762 fore,
1133 704 1279 768 quod
1301 704 1656 769 reprehendas.
1716 705 1766 753 Si
1792 722 1893 786 qua

412 782 577 831 erunt,
610 775 733 822 doce
769 790 868 830 me,
902 790 1000 837 quo
1038 772 1187 819 modo
1224 777 1400 837 μέμψιν
1431 771 1654 855 effugere
1690 776 1889 836 possim.

416 840 652 898 “Nihil,'’
688 844 900 904 inquies,
937 839 1191 886 “omnino
1226 842 1493 902 scripseris.
1598 839 1697 898 Qui
1732 842 1893 904 magis

412 908 620 974 effugias
653 923 757 965 eos,
787 910 872 971 qui
903 907 1074 954 volent
1105 906 1330 971 fingere?
1396 906 1590 953 Verum
1615 913 1789 954 tamen
1818 910 1894 954 ita

412 975 610 1032 faciam,
637 974 804 1038 quoad
830 974 937 1020 fieri
962 976 1166 1037 poterit.
1235 973 1382 1029 Nam,
1410 973 1546 1037 quod
1570 990 1652 1021 me
1678 972 1893 1021 hortaris

413 1043 477 1089 ad
503 1045 796 1089 memoriam
824 1040 1089 1097 factorum,
1117 1040 1384 1096 dictorum,
1411 1043 1708 1104 scriptorum
1738 1043 1894 1088 etiam

411 1125 656 1165 meorum,
674 1107 795 1155 facis
815 1111 974 1154 amice
993 1114 1052 1155 tu
1071 1107 1275 1171 quidem
1293 1106 1516 1171 mihique
1535 1110 1891 1171 gratissimum,

412 1175 502 1223 sed
523 1174 645 1222 mihi
668 1175 849 1222 videris
873 1174 1007 1221 aliud
1029 1181 1087 1221 tu
1109 1173 1378 1221 honestum
1402 1191 1586 1237 meque
1610 1175 1819 1238 dignum
1842 1177 1893 1221 in

411 1241 504 1289 hac
524 1258 675 1289 causa
694 1241 932 1297 iudicare,
955 1249 1109 1304 atque
1132 1258 1227 1305 ego
1250 1244 1550 1287 existimem.
1608 1241 1736 1288 Mihi
1759 1245 1893 1288 enim

411 1308 532 1356 nihil
555 1308 657 1355 ulla
679 1311 731 1354 in
754 1315 908 1372 gente
935 1325 1173 1370 umquam
1198 1309 1261 1354 ab
1287 1308 1385 1354 ullo
1410 1315 1613 1355 auctore
1637 1311 1710 1355 rei
1732 1309 1894 1372 publi-

411 1392 501 1422 cae
541 1392 598 1422 ac
637 1375 765 1422 duce
803 1378 998 1437 turpius
1039 1374 1230 1421 factum
1269 1391 1377 1421 esse
1417 1375 1633 1431 videtur,
1672 1391 1824 1439 quam
1864 1393 1894 1422 a

412 1449 582 1489 nostro
599 1445 758 1488 amico
774 1440 964 1488 factum
982 1448 1074 1487 est.
1144 1441 1295 1487 Cuius
1313 1458 1407 1505 ego
1424 1445 1583 1488 vicem
1600 1441 1745 1489 doleo
1762 1458 1773 1497 3
1808 1445 1892 1505 qui

412 1510 589 1556 urbem
609 1508 828 1571 reliquit,
848 1508 901 1555 id
921 1515 999 1555 est
1019 1511 1253 1570 patriam,
1273 1524 1362 1570 pro
1384 1525 1483 1570 qua
1504 1515 1556 1555 et
1576 1511 1628 1554 in
1648 1525 1748 1571 qua
1768 1512 1893 1556 mori

412 1575 723 1639 praeclarum
748 1574 858 1621 fuit.
920 1574 1156 1638 Ignorare
1182 1573 1303 1620 mihi
1329 1575 1526 1630 videris,
1551 1574 1676 1622 haec
1701 1583 1894 1639 quanta

413 1645 478 1688 sit
497 1641 679 1688 clades.
733 1641 800 1687 Es
822 1644 955 1687 enim
976 1644 1131 1687 etiam
1151 1657 1282 1687 nunc
1301 1641 1437 1688 domi
1456 1648 1595 1698 tuae,
1615 1642 1705 1689 sed
1723 1646 1892 1690 invitis

413 1708 759 1772 perditissimis
784 1707 1067 1755 hominibus
1094 1724 1202 1754 esse
1229 1708 1416 1755 diutius
1442 1725 1542 1755 non
1567 1716 1727 1772 potes.
1779 1709 1889 1757 Hoc

414 1777 656 1830 miserius,
686 1773 779 1820 hoc
808 1777 1002 1837 turpius
1033 1775 1334 1837 quicquam?
1397 1774 1652 1839 Vagamur
1682 1783 1892 1840 egentes

413 1858 527 1887 cum
547 1842 841 1904 coniugibus
863 1847 916 1887 et
936 1841 1104 1888 liberis
1121 1856 1132 1895 ;
1152 1844 1204 1887 in
1225 1844 1369 1888 unius
1390 1841 1602 1889 hominis
1624 1846 1891 1906 quotannis

414 1908 689 1971 periculose
725 1911 1033 1971 aegrotantis
1069 1911 1234 1954 anima
1268 1911 1455 1971 positas
1490 1926 1662 1956 omnes
1697 1917 1890 1959 nostras

415 1991 526 2036 spes
565 1973 808 2020 habemus
849 1991 947 2020 non
986 1975 1196 2038 expulsi,
1236 1975 1326 2022 sed
1364 1979 1558 2023 evocati
1598 1992 1661 2023 ex
1699 1980 1892 2040 patria3

414 2058 565 2103 quam
594 2057 693 2087 non
722 2041 1017 2088 servandam
1046 2042 1110 2088 ad
1136 2042 1357 2088 reditum
1385 2050 1629 2100 nostrum,
1657 2043 1747 2091 sed
1775 2044 1891 2091 diri-

414 2107 650 2170 piendam
695 2115 748 2154 et
794 2107 1200 2155 inflammandam
1244 2109 1549 2172 reliquimus.
1618 2110 1700 2157 Ita
1743 2110 1890 2158 multi

415 2175 670 2220 nobiscum
696 2181 829 2231 sunt,
854 2191 954 2221 non
978 2178 1029 2221 in
1055 2176 1368 2232 suburbanis,
1393 2192 1491 2222 non
1516 2179 1568 2222 in
1591 2175 1766 2233 hortis,
1791 2194 1892 2224 non

414 2244 463 2285 in
486 2243 593 2303 ipsa
614 2242 755 2296 urbe,
778 2248 848 2296 et,
871 2244 909 2287 si
933 2258 1064 2288 nunc
1086 2249 1220 2298 sunt,
1242 2259 1340 2288 non
1365 2249 1527 2289 erunt.
1573 2242 1674 2290 Nos
1695 2246 1892 2291 interea

414 2323 476 2352 ne
513 2306 715 2369 Capuae
751 2307 971 2370 quidem,
1006 2309 1095 2355 sed
1130 2308 1389 2365 Luceriae,
1425 2316 1478 2355 et
1512 2326 1648 2355 oram
1684 2310 1889 2373 quidem

415 2376 713 2419 maritimam
728 2377 824 2419 iam
841 2374 1195 2437 relinquemus,
1210 2374 1473 2421 Afranium
1488 2378 1890 2438 exspectabimus

416 2447 467 2485 et
495 2438 761 2486 Petreium.
833 2441 958 2486 Nam
985 2444 1035 2487 in
1061 2441 1283 2488 Labieno
1308 2459 1483 2505 parum
1510 2450 1586 2489 est
1611 2443 1886 2507 dignitatis.

421 2678 501 2708 102
