1988 3008
711 231 993 279 MARCUS
1039 230 1342 279 TULLIUS
1388 231 1639 279 CICERO

428 377 627 425 prorsus
650 359 786 407 aliud
807 366 986 406 curant
1008 361 1101 406 nisi
1124 375 1288 423 agros,
1310 362 1403 405 nisi
1426 359 1637 416 villulas,
1659 362 1752 407 nisi
1775 377 1917 408 num·

426 427 587 474 mulos
614 443 743 474 suos.
812 426 880 472 Et
907 426 1039 481 vide,
1066 442 1219 489 quam
1246 442 1487 472 conversa
1512 442 1592 473 res
1619 428 1714 482 sit3
1757 426 1916 484 illum,

428 510 527 556 quo
555 500 708 539 antea
733 492 1074 548 confidebant,
1099 499 1356 548 metuunt,
1382 491 1516 539 hunc
1543 499 1734 549 amant,
1761 510 1914 556 quem
1976 527 1981 535 »

426 561 694 606 timebant.
765 559 825 605 Id
852 562 1054 621 quantis
1082 562 1264 606 nostris
1290 561 1515 622 peccatis
1542 561 1775 622 vitiisque
1804 576 1917 606 eve-

428 629 578 682 nerit,
627 642 728 671 non
775 642 978 688 possum
1027 628 1133 672 sine
1182 625 1415 672 molestia
1462 627 1703 689 cogitare.
1771 625 1916 684 Quae

427 699 600 738 autem
628 692 922 754 impendere
950 699 1203 754 putarem,
1232 694 1528 755 scripseram
1557 691 1623 739 ad
1648 698 1703 739 te
1732 699 1786 740 et
1813 695 1915 739 iam

426 766 539 805 tuas
565 758 760 805 litteras
787 759 1162 822 exspectabam.

1109 925 1232 973 XIV
1261 952 1263 954 ·

911 1029 1085 1060 CICERO
1120 1029 1293 1060 ATTICO
1328 1029 1426 1060 SAL.

76 1099 171 1146 Scr.
206 1099 403 1147 Formiis
491 1101 604 1148 Non
637 1100 832 1156 dubito,
865 1103 987 1163 quin
1018 1101 1113 1147 tibi
1146 1100 1348 1147 odiosae
1381 1103 1482 1147 sint
1514 1099 1760 1164 epistulae
1792 1103 1915 1148 coti-

83 1167 127 1213 V
125 1166 155 1212 I
174 1167 296 1213 Non.
428 1168 626 1224 dianae,
649 1185 765 1215 cum
787 1170 1087 1231 praesertim
1112 1183 1278 1230 neque
1302 1183 1433 1213 nova
1455 1167 1519 1213 de
1543 1183 1597 1214 re
1622 1167 1788 1231 aliqua
1810 1185 1915 1214 cer-

77 1232 224 1280 M'art.
245 1251 288 1280 a.
313 1235 404 1283 705
427 1237 610 1281 tiorem
631 1242 685 1281 te
707 1234 889 1281 faciam
910 1250 1078 1296 neque
1100 1250 1282 1280 novam
1303 1233 1523 1296 denique
1544 1236 1645 1280 iam
1665 1237 1915 1297 reperiam

426 1301 676 1348 scribendi
715 1301 867 1347 ullam
905 1303 1228 1347 sententiam.
1298 1299 1415 1356 Sed,
1454 1303 1493 1346 si
1532 1300 1707 1347 dedita
1744 1317 1913 1364 opera,

426 1386 541 1415 cum
564 1385 716 1415 causa
734 1367 871 1414 nulla
896 1374 1048 1423 esset,
1071 1366 1360 1414 tabellarios
1385 1366 1450 1413 ad
1474 1374 1528 1414 te
1544 1383 1660 1413 cum
1682 1368 1912 1414 inanibus

426 1435 651 1497 epistulis
685 1437 963 1490 mitterem,
997 1433 1217 1480 facerem
1249 1436 1453 1496 inepte;
1505 1434 1742 1480 euntibus
1777 1450 1911 1490 vero,

426 1502 714 1548 domesticis
736 1503 1054 1564 praesertim,
1078 1507 1136 1547 ut
1160 1499 1281 1546 nihil
1306 1499 1370 1547 ad
1393 1506 1447 1546 te
1472 1499 1589 1546 dem
1610 1499 1912 1556 litterarum,

425 1568 592 1614 facere
629 1584 729 1614 non
764 1584 967 1630 possum
1004 1574 1058 1613 et
1094 1566 1257 1622 simul,
1292 1566 1442 1613 crede
1478 1565 1617 1622 mihi,
1652 1570 1912 1630 requiesco

423 1634 630 1698 paulum
654 1637 706 1680 in
729 1633 804 1680 his
829 1636 1057 1690 miseriis,
1081 1651 1197 1681 cum
1221 1636 1363 1696 quasi
1388 1640 1559 1679 tecum
1582 1632 1774 1696 loquor,
1798 1650 1912 1680 cum

425 1718 543 1748 vero
561 1708 675 1748 tuas
696 1700 935 1763 epistulas
954 1699 1086 1763 lego,
1105 1699 1266 1746 multo
1286 1702 1443 1746 etiam
1462 1702 1638 1763 magis.
1694 1699 1912 1747 Omnino

425 1767 666 1830 intellego
691 1766 883 1813 nullum
907 1766 1060 1813 fuisse
1085 1774 1287 1829 tempus
1312 1773 1427 1828 post
1450 1765 1540 1812 has
1565 1765 1711 1830 fugas
1737 1773 1791 1813 et
1814 1765 1911 1812 for-

424 1834 638 1881 midines
666 1841 878 1889 nostras,
906 1833 1041 1896 quod
1067 1836 1229 1897 magis
1256 1833 1491 1879 debuerit
1517 1839 1717 1879 mutum
1746 1849 1855 1879 esse
1883 1849 1913 1878 a

423 1900 624 1956 litteris,
643 1907 913 1964 propterea
933 1899 1068 1963 quod
1086 1916 1252 1963 neque
1273 1899 1464 1946 Romae
1484 1901 1754 1963 quicquam
1773 1899 1910 1946 audi-

423 1974 507 2014 tur
541 1970 654 2013 novi
691 1983 785 2013 nec
821 1970 872 2013 in
907 1966 983 2012 his
1018 1966 1156 2022 locis,
1193 1983 1324 2029 quae
1361 1983 1391 2012 a
1426 1965 1688 2013 Brundisio
1725 1967 1909 2013 absunt

422 2036 625 2096 propius
656 2050 809 2096 quam
838 2040 897 2079 tu
927 2033 1065 2080 bidui
1096 2040 1185 2079 aut
1215 2032 1409 2079 tridui.l
1475 2032 1705 2079 Brundisi
1737 2040 1909 2079 autem

422 2116 570 2146 omne
597 2107 858 2146 certamen
883 2102 1098 2146 vertitur
1123 2098 1270 2146 huius
1297 2101 1443 2162 primi
1470 2101 1727 2162 temporis.
1797 2098 1910 2157 Qua

423 2166 628 2229 quidem
676 2169 1058 2228 exspectatione
1106 2172 1358 2228 torqueor.
1428 2164 1529 2212 Sed
1575 2168 1742 2212 omnia
1789 2172 1908 2212 ante

423 2232 592 2278 Nonas
619 2235 848 2279 sciemus.
918 2232 1112 2279 Eodem
1141 2235 1275 2279 enim
1302 2232 1383 2278 die
1411 2231 1557 2278 video
1584 2231 1852 2278 Caesarem
1880 2248 1909 2277 a

423 2298 639 2345 Corfinio
666 2306 780 2362 post
809 2299 1074 2345 meridiem
1101 2298 1386 2361 profectum
1417 2314 1543 2353 esse,
1571 2298 1624 2345 id
1652 2305 1730 2344 est
1759 2298 1907 2344 Fera-

422 2364 569 2420 libus,
586 2382 684 2427 quo
702 2365 916 2411 Canusio
933 2381 1081 2412 mane
1099 2363 1410 2428 Pompeium.
1479 2364 1554 2411 Eo
1569 2365 1719 2411 modo
1735 2372 1906 2411 autem

422 2431 647 2477 ambulat
677 2431 860 2478 Caesar
889 2438 941 2478 et
968 2434 1027 2478 iis
1055 2434 1319 2496 congiariis
1347 2430 1565 2478 militum
1591 2431 1906 2478 celeritatem

422 2500 617 2552 incitat,
654 2505 709 2543 ut
744 2501 971 2553 timeam,
1005 2514 1069 2545 ne
1103 2501 1251 2544 citius
1287 2497 1352 2544 ad
1384 2497 1721 2554 Brundisium,
1755 2513 1907 2561 quam

451 2649 479 2692 6
559 2592 573 2615 ¹
606 2591 721 2631 bidui
736 2598 814 2632 aut
827 2592 961 2631 tridui
975 2592 1081 2633 Reid
1099 2606 1113 2633 .·
1147 2592 1325 2632 biduum
1340 2596 1418 2632 aut
1431 2592 1625 2632 triduum
1640 2591 1772 2632 MSS.

426 2664 444 2693 1
484 2664 508 2693 2
