1988 3008
726 224 1010 273 MARCUS
1054 221 1357 272 TULLIUS
1402 221 1654 270 CICERO

447 354 587 409 aluit,
621 357 779 409 auxit,
813 355 1042 407 armavit,
1074 351 1156 398 ille
1189 350 1385 415 legibus
1417 367 1509 414 per
1540 353 1640 397 vim
1674 356 1727 396 et
1758 356 1934 397 contra

446 447 666 506 auspicia
691 442 910 490 ferendis
937 449 1128 497 auctor,
1153 441 1235 487 ille
1263 440 1457 487 Galliae
1484 439 1733 487 ulterioris
1759 440 1932 486 adiun-

444 541 569 589 ctor,
590 533 673 579 ille
694 549 868 596 gener,
888 531 971 578 ille
992 534 1044 578 in
1066 530 1355 594 adoptando
1377 529 1431 577 P.
1456 529 1630 577 Clodio
1652 546 1829 594 augur,
1849 529 1932 576 ille

446 623 748 669 restituendi
767 626 867 669 mei
888 639 1039 685 quam
1059 620 1313 668 retinendi
1332 620 1617 676 studiosior,
1634 619 1719 667 ille
1737 622 1934 684 provin-

444 715 552 758 ciae
596 719 918 775 propagator,
959 711 1042 758 ille
1086 712 1309 758 absentis
1351 714 1402 757 in
1444 711 1676 758 omnibus
1717 710 1934 766 adiutor,

446 802 581 848 idem
607 805 762 848 etiam
787 804 940 848 tertio
965 801 1246 857 consulatu,
1270 807 1541 865 postquam
1564 815 1675 847 esse
1699 799 1935 847 defensor

445 894 516 938 rei
550 891 780 955 publicae
813 895 998 955 coepit,
1030 890 1312 948 contendit,
1344 898 1402 938 ut
1435 890 1613 938 decem
1643 891 1834 938 tribuni
1865 889 1932 954 pl.

446 981 655 1038 ferrent,
683 988 741 1028 ut
770 983 993 1028 absentis
1021 984 1151 1028 ratio
1179 981 1471 1038 haberetur,
1499 981 1637 1044 quod
1663 980 1800 1028 idem
1825 982 1934 1044 ipse

443 1074 612 1118 ⁴sanxit
641 1072 753 1135 lege
783 1072 1002 1135 quadam
1030 1088 1137 1128 sua,
1168 1071 1445 1135 Marcoque
1476 1070 1719 1127 Marcello
1745 1069 1934 1118 consuli

446 1161 640 1228 finienti
658 1165 936 1224 provincias
955 1161 1143 1208 Gallias
1165 1161 1510 1208 Kalendarum
1531 1161 1834 1208 Martiarum
1852 1160 1934 1208 die

445 1252 806 1306 restitit—sed,
847 1259 904 1298 ut
942 1251 1068 1298 haec
1108 1255 1360 1308 omittam,
1401 1251 1523 1314 quid
1561 1251 1775 1307 foedius,
1813 1250 1934 1314 quid

445 1342 788 1403 perturbatius
816 1340 909 1388 hoc
937 1343 1001 1389 ab
1029 1343 1152 1388 urbe
1180 1341 1401 1388 discessu
1429 1345 1531 1388 sive
1559 1344 1726 1405 potius
1752 1337 1934 1405 turpis-

444 1433 569 1477 sima
592 1430 746 1494 fuga?
791 1430 936 1490 Quae
959 1431 1185 1478 condicio
1210 1448 1307 1478 non
1332 1431 1625 1495 accipienda
1646 1430 1744 1479 fuit
1766 1434 1934 1495 potius

444 1536 595 1582 quam
617 1520 947 1584 relinquenda
968 1522 1167 1585 patria?
1238 1521 1408 1568 Malae
1429 1521 1748 1568 condiciones
1770 1528 1933 1576 erant,

443 1609 623 1665 fateor,
665 1610 753 1656 sed
795 1628 915 1657 num
957 1611 1078 1675 quid
1119 1610 1212 1658 hoc
1254 1612 1430 1675 peius?
1499 1612 1569 1658 At
1610 1612 1932 1675 recuperabit

443 1716 550 1745 rem
574 1700 840 1762 publicam.
909 1700 1159 1759 Quando?
1203 1709 1292 1748 aut
1316 1701 1437 1765 quid
1460 1701 1525 1747 ad
1549 1717 1664 1748 eam
1686 1717 1829 1764 spem
1852 1708 1932 1748 est

443 1790 641 1851 parati?
688 1789 800 1836 Non
825 1807 946 1854 ager
970 1789 1182 1837 Picenus
1206 1791 1451 1838 amissus?
1493 1807 1593 1837 non
1616 1790 1932 1854 patefactum

445 1881 541 1924 iter
581 1879 644 1925 ad
684 1881 895 1926 urbem?
954 1897 1052 1927 non
1092 1884 1306 1944 pecunia
1345 1884 1505 1928 omnis
1545 1888 1598 1928 et
1638 1880 1840 1944 publica
1879 1888 1932 1927 et

444 1971 640 2030 privata
684 1969 967 2016 adversario
1011 1970 1235 2018 tradita?
1304 1971 1539 2034 Denique
1585 1970 1722 2017 nulla
1763 1987 1932 2027 causa,

444 2057 609 2104 nullae
648 2062 793 2115 vires,
831 2059 967 2106 nulla
1004 2061 1167 2116 sedes,
1206 2077 1306 2124 quo
1343 2067 1661 2117 concurrant,
1699 2064 1784 2124 qui
1823 2077 1932 2107 rem

444 2148 695 2210 publicam
758 2149 1019 2197 defensam
1082 2150 1253 2197 velint.
1323 2151 1508 2214 Apulia
1571 2150 1772 2197 delecta
1835 2157 1931 2207 est,

443 2240 730 2284 inanissima
776 2255 889 2301 pars
938 2239 1116 2287 Italiae
1165 2247 1218 2287 et
1265 2241 1329 2288 ab
1376 2244 1572 2303 impetu
1617 2239 1764 2287 huius
1812 2240 1929 2287 belli

443 2331 804 2382 remotissima3
869 2328 990 2393 fuga
1034 2337 1087 2376 et
1132 2333 1386 2376 maritima
1430 2333 1781 2393 opportunitas
1827 2333 1930 2377 visa

444 2420 616 2478 quaeri
647 2416 1015 2479 desperatione.
1086 2419 1250 2466 Invite
1281 2423 1390 2483 cepi
1424 2419 1667 2482 Capuam,
1698 2436 1797 2466 non
1827 2436 1928 2483 quo

443 2522 623 2552 munus
644 2506 765 2553 illud
786 2507 1100 2572 defugerem,
1121 2509 1211 2556 sed
1230 2512 1281 2556 in
1303 2526 1364 2556 ea
1384 2526 1552 2567 causa,
1571 2513 1622 2556 in
1644 2526 1745 2574 qua
1765 2509 1928 2557 nullus

449 2609 534 2652 108
