1988 3008
716 220 998 267 MARCUS
1042 219 1343 268 TULLIUS
1390 220 1643 268 CICERO

432 349 682 395 adscribat
714 348 850 394 idem
881 348 1041 395 videri
1070 348 1183 404 tibi,
1214 348 1366 411 idque
1398 352 1505 411 ipse
1539 352 1694 395 etiam
1727 365 1789 396 ex
1821 352 1920 396 tuis

430 421 613 468 litteris
649 421 1006 477 intellexerim,
1042 438 1141 468 non
1175 429 1300 484 puto
1338 438 1447 468 esse
1484 422 1703 469 alienum
1738 439 1820 469 me
1857 421 1922 469 ad

429 503 502 551 te,
526 495 647 558 quid
669 495 733 541 de
757 511 818 541 ea
838 511 894 541 re
920 498 1155 550 sentiam,
1177 495 1414 543 scribere.

517 569 789 615 Consilium
817 569 952 616 istud
981 576 1103 615 tunc
1134 576 1268 615 esset
1298 569 1539 632 prudens,
1557 575 1615 616 ut
1634 567 1756 615 mihi
1786 569 1922 615 vide-

431 649 534 698 tur,
564 646 604 688 si
638 650 832 690 nostras
864 645 1084 689 rationes
1118 643 1183 689 ad
1215 642 1606 705 Hispaniensem
1637 658 1808 689 casum
1842 659 1920 688 ac—

429 715 796 762 commodaturi
814 731 1035 762 essemus
1053 731 1065 770 3
1084 715 1219 778 quod
1239 715 1346 762 fieri
1366 732 1466 762 non
1484 715 1679 762 debet.1
1705 715 1923 762 Necesse

433 797 509 835 est
540 793 675 836 enim
703 796 810 845 aut,
837 789 888 835 id
917 789 1052 852 quod
1080 792 1302 836 maxime
1332 788 1501 846 velim,
1528 789 1647 852 pelli
1676 793 1831 836 istum
1859 789 1922 835 ab

433 863 694 925 Hispania,
715 869 804 909 aut
826 861 960 909 trahi
981 862 1034 909 id
1054 862 1262 918 bellum,
1284 870 1373 910 aut
1394 866 1567 919 istum,
1589 869 1646 910 ut
1667 862 1922 910 confidere

432 937 650 992 videtur,
673 935 1057 999 apprehendere
1083 936 1366 998 Hispanias.
1434 934 1486 982 Si
1508 936 1746 999 pelletur,
1772 952 1922 999 quam

430 1018 606 1073 gratus
644 1017 733 1057 aut
771 1026 923 1073 quam
959 1009 1200 1056 honestus
1237 1017 1350 1056 tum
1388 1013 1487 1057 erit
1524 1009 1589 1056 ad
1626 1009 1922 1072 Pompeium

434 1092 606 1131 noster
627 1083 891 1139 adventus,
913 1100 1029 1130 cum
1051 1086 1215 1146 ipsum
1240 1083 1512 1130 Curionem
1535 1083 1600 1130 ad
1623 1100 1739 1130 eum
1762 1091 1922 1130 trans·

431 1160 621 1203 iturum
647 1155 858 1219 putem?
925 1155 975 1202 Si
1003 1155 1224 1202 trahitur
1250 1155 1457 1212 bellum,
1484 1156 1606 1219 quid
1632 1164 1923 1219 exspectem

434 1238 522 1277 aut
556 1247 707 1293 quam
739 1230 861 1277 diu?
929 1229 1267 1292 Relinquitur,
1299 1237 1374 1285 ut,
1405 1233 1446 1276 si
1478 1233 1722 1276 vincimur
1753 1234 1804 1276 in
1835 1229 1924 1276 Hi-

432 1308 624 1367 spania,
674 1307 1002 1367 quiescamus.
1072 1303 1132 1350 Id
1180 1319 1275 1367 ego
1323 1311 1500 1350 contra
1547 1311 1688 1367 puto.
1763 1303 1924 1351 Istum

435 1382 569 1425 enim
627 1381 868 1424 victorem
928 1381 1087 1440 magis
1146 1377 1533 1440 relinquendum
1589 1386 1715 1441 puto
1773 1394 1924 1441 quam

434 1456 640 1508 victum,
681 1460 734 1498 et
775 1451 1097 1498 dubitantem
1137 1454 1298 1514 magis
1341 1468 1492 1514 quam
1535 1451 1778 1499 fidentem
1818 1446 1917 1498 suis

432 1527 597 1573 rebus.
667 1525 796 1571 Nam
831 1525 1040 1572 caedem
1076 1524 1238 1581 video,
1273 1528 1314 1571 si
1351 1529 1547 1581 vicerit,
1583 1533 1637 1573 et
1671 1529 1922 1588 impetum

432 1603 484 1645 in
503 1603 813 1662 privatorum
831 1601 1068 1661 pecunias
1090 1605 1143 1645 et
1164 1599 1395 1645 exsulum
1412 1599 1634 1646 reditum
1653 1606 1707 1646 et
1725 1600 1923 1646 tabulas

434 1690 584 1720 novas
609 1680 662 1719 et
682 1676 1087 1735 turpissimorum
1107 1671 1321 1719 honores
1346 1680 1399 1720 et
1419 1689 1634 1737 regnum
1654 1690 1755 1720 non
1775 1673 1923 1720 modo

436 1747 662 1794 Romano
706 1745 914 1801 homini,
959 1746 1050 1792 sed
1094 1762 1158 1792 ne
1206 1745 1392 1793 Persae
1438 1746 1644 1809 quidem
1689 1750 1921 1810 cuiquam

434 1820 712 1867 tolerabile.
778 1819 955 1866 Tacita
1002 1835 1112 1866 esse
1159 1823 1351 1882 poterit
1398 1820 1670 1884 indignitas
1718 1821 1923 1868 nostra?

435 1898 541 1958 pati
589 1901 830 1956 poterunt
879 1893 1007 1939 oculi
1055 1909 1137 1939 me
1185 1910 1301 1940 cum
1350 1893 1564 1941 Gabinio
1611 1899 1919 1942 sententiam
1987 1931 1988 1948 ÷

434 1969 621 2023 dicere,
653 1974 706 2014 et
738 1967 942 2030 quidem
973 1966 1113 2013 illum
1143 1971 1310 2030 rogari
1341 1968 1514 2030 prius?
1580 1976 1784 2030 praesto
1816 1985 1924 2015 esse

434 2042 672 2088 clientem
690 2049 836 2088 tuum
856 2040 1103 2096 Clodium,
1123 2040 1176 2088 C.
1199 2041 1320 2087 Atei
1340 2040 1672 2104 Plaguleium,
1690 2041 1922 2089 ceteros?

437 2116 537 2162 Sed
563 2133 650 2162 cur
678 2119 900 2162 inimicos
928 2115 1141 2178 conligo,
1169 2119 1252 2177 qui
1282 2131 1419 2161 meos
1448 2119 1755 2162 necessarios
1784 2132 1813 2161 a
1840 2131 1922 2162 me
1959 2115 1980 2182 ,ζ’

435 2189 668 2236 defensos
700 2205 793 2236 nec
824 2189 996 2235 videre
1027 2192 1078 2234 in
1108 2192 1246 2235 curia
1276 2192 1383 2235 sine
1415 2188 1586 2235 dolore
1618 2205 1710 2235 nec
1743 2192 1924 2235 versari

436 2267 571 2310 inter
616 2279 699 2309 eos
746 2265 853 2309 sine
900 2261 1150 2309 dedecore
1197 2261 1412 2324 potero?
1479 2261 1631 2320 Quid,
1676 2265 1717 2308 si
1765 2278 1828 2309 ne
1875 2262 1925 2309 id

438 2337 642 2400 quidem
662 2343 740 2383 est
759 2336 1078 2399 exploratum
1097 2335 1205 2382 fore
1225 2343 1280 2382 ut
1301 2334 1420 2382 mihi
1443 2335 1626 2383 liceat?
1690 2334 1925 2384 Scribunt
1968 2351 1977 2359 ”

438 2414 572 2457 enim
616 2409 682 2456 ad
723 2425 806 2456 me
850 2412 995 2456 amici
1041 2413 1146 2456 eius
1191 2425 1273 2456 me
1319 2409 1384 2455 illi
1430 2409 1566 2456 nullo
1610 2409 1759 2456 modo
1802 2413 1923 2457 satis

496 2506 512 2530 ¹
540 2518 628 2545 non
658 2503 789 2544 debet
819 2505 859 2545 is
888 2503 1058 2545 omitted
1088 2504 1140 2555 by
1169 2504 1233 2545 the
1265 2505 1348 2546 best
1381 2504 1512 2545 MSS.
1545 2504 1630 2545 and
1662 2505 1701 2546 ie
1730 2505 1925 2557 probably

437 2559 534 2609 only
556 2557 751 2611 supplied
772 2558 824 2610 by
845 2557 1073 2610 conjecture
1096 2558 1142 2597 in
1165 2558 1215 2598 P.

440 2651 529 2696 300
