2014 3008
91 605 188 653 Ser.

91 671 314 720 Brundisi

86 756 160 804 pr.
187 739 240 785 N
239 756 309 785 on.

92 806 212 853 Nov.
239 822 282 852 a.
309 805 402 855 706

726 209 1009 258 MARCUS
1053 210 1354 259 TULLIUS
1400 210 1651 260 CICERO

1163 404 1208 450 V

928 517 1101 548 CICERO
1136 518 1308 549 ATTICO
1343 519 1440 550 SAL.

509 598 653 658 Quae
689 615 770 646 me
805 615 986 646 causae
1021 602 1285 655 moverint,
1321 617 1472 663 quam
1507 601 1737 658 acerbae,
1772 618 1923 665 quam
1986 652 1988 654 ,

446 696 640 744 graves,
662 696 814 742 quam
834 695 1011 736 novae,
1030 682 1391 743 coegerintque
1411 683 1608 744 impetu
1626 684 1786 745 magis
1807 698 1925 746 quo-

447 760 564 806 dam
594 762 746 805 animi
777 762 850 806 uti
883 775 1034 822 quam
1064 762 1390 823 cogitatione,
1420 777 1520 806 non
1549 777 1751 824 possum
1781 760 1846 808 ad
1873 768 1927 810 te

447 843 553 887 sine
582 842 802 886 maximo
831 839 1000 886 dolore
1029 841 1260 887 scribere.
1331 839 1556 887 Fuerunt
1585 840 1791 904 quidem
1819 848 1927 888 tan-

446 928 548 976 tae,
579 927 636 967 ut
666 920 732 976 id,
763 919 898 983 quod
927 920 1082 976 vides,
1113 918 1386 967 effecerint.
1457 920 1655 984 Itaque,
1685 937 1778 968 nec
1808 920 1927 985 quid

446 1001 510 1047 ad
542 1008 595 1047 te
628 1001 841 1047 scribam
873 999 938 1047 de
970 1002 1095 1047 meis
1127 1001 1275 1047 rebus
1308 1017 1402 1048 nec
1434 1000 1555 1064 quid
1587 1018 1618 1047 a
1647 1008 1702 1048 te
1735 1008 1924 1065 petam,

445 1084 668 1144 reperio;
709 1096 816 1127 rem
842 1088 895 1127 et
919 1097 1165 1127 summam
1194 1083 1384 1144 negotii
1411 1081 1561 1128 vides.

510 1160 759 1224 Equidem
783 1177 846 1207 ex
869 1163 969 1207 tuis
991 1160 1173 1207 litteris
1195 1160 1439 1217 intellexi,
1463 1167 1517 1208 et
1539 1164 1627 1218 eis,
1651 1178 1774 1225 quas
1797 1178 1926 1208 com-

446 1245 666 1288 muniter
690 1258 805 1287 cum
832 1240 938 1288 aliis
964 1243 1221 1304 scripsisti,
1248 1247 1302 1288 et
1328 1243 1416 1298 eis,
1443 1258 1567 1305 quas
1593 1248 1682 1288 tuo
1708 1244 1924 1299 nomine,

447 1321 580 1384 quod
610 1324 765 1368 etiam
793 1337 908 1367 mea
936 1328 1115 1384 sponte
1146 1321 1394 1377 videbam,
1424 1328 1476 1368 te
1506 1322 1674 1368 subita
1702 1338 1756 1368 re
1785 1324 1923 1385 quasi

446 1401 768 1448 debilitatum
818 1418 969 1448 novas
1021 1404 1239 1448 rationes
1289 1401 1464 1448 tuendi
1517 1404 1612 1448 mei
1667 1417 1922 1465 quaerere.

446 1481 595 1540 Quod
618 1482 789 1528 scribis
812 1481 1028 1544 placere,
1052 1489 1110 1528 ut
1133 1485 1334 1545 propius
1359 1481 1596 1528 accedam
1619 1483 1817 1545 iterque
1841 1497 1928 1545 per
1984 1478 1986 1480 ’

446 1562 632 1625 oppida
661 1569 813 1608 noctu
844 1561 1042 1618 faciam,
1073 1578 1173 1608 non
1203 1578 1323 1608 sane
1354 1561 1516 1618 video,
1548 1577 1700 1625 quem
1731 1561 1796 1608 ad
1824 1577 1926 1608 mo·

446 1643 567 1689 dum
609 1642 659 1688 id
702 1642 804 1688 fieri
850 1644 1018 1705 possit.
1098 1641 1277 1705 Neque
1321 1645 1454 1688 enim
1494 1644 1568 1688 ita
1608 1648 1728 1705 apta
1770 1640 1929 1688 habeo
1979 1674 1982 1675 ν

446 1723 746 1777 devorsoria,
773 1729 829 1768 ut
854 1729 965 1768 tota
989 1729 1220 1785 tempora
1244 1721 1423 1769 diurna
1447 1725 1499 1768 in
1522 1724 1582 1768 iis
1605 1724 1790 1785 possim
1814 1737 1926 1768 con-

447 1819 662 1858 sumere,
687 1819 852 1866 neque
879 1801 943 1848 ad
966 1802 1034 1858 id,
1060 1802 1194 1866 quod
1219 1805 1434 1866 quaeris,
1459 1801 1676 1848 multum
1699 1804 1925 1856 interest,

449 1890 616 1929 utrum
641 1899 722 1929 me
747 1882 972 1929 homines
996 1885 1047 1928 in
1071 1882 1254 1946 oppido
1278 1881 1483 1929 videant
1507 1898 1571 1928 an
1594 1884 1646 1928 in
1669 1884 1760 1928 via.
1829 1879 1927 1928 Sed

449 1971 621 2009 tamen
660 1962 753 2009 hoc
792 1966 954 2025 ipsum
992 1965 1120 2009 sicut
1160 1962 1256 2008 alia
1293 1962 1634 2018 considerabo,
1675 1978 1826 2025 quem
1863 1959 1926 2008 ad

449 2042 654 2089 modum
678 2043 1077 2090 commodissime
1103 2042 1209 2089 fieri
1235 2059 1379 2106 posse
1405 2042 1647 2089 videatur.

513 2123 622 2187 Ego
647 2130 852 2186 propter
877 2122 1220 2170 incredibilem
1247 2129 1300 2169 et
1326 2125 1476 2169 animi
1504 2129 1558 2169 et
1581 2124 1798 2186 corporis
1824 2137 1925 2168 mo-

450 2203 648 2250 lestiam
663 2202 907 2250 conficere
924 2202 1091 2266 plures
1107 2202 1303 2250 litteras
1320 2219 1420 2249 non
1436 2205 1575 2266 potui
1594 2217 1607 2257 3
1641 2204 1712 2249 eis
1729 2208 1927 2248 tantum

450 2286 694 2346 rescripsi,
727 2300 757 2329 a
789 2283 968 2346 quibus
1001 2299 1308 2346 acceperam.
1378 2281 1454 2329 Tu
1487 2281 1635 2329 velim
1668 2288 1721 2329 et
1753 2279 1926 2336 Basilo,

451 2371 505 2410 et
529 2364 707 2426 quibus
731 2370 997 2426 praeterea
1022 2363 1288 2419 videbitur,
1314 2365 1469 2409 etiam
1494 2360 1698 2409 Servilio
1721 2362 1927 2408 conscri-

451 2444 555 2496 bas,
586 2450 642 2490 ut
670 2443 759 2489 tibi
792 2443 1058 2498 videbitur,
1087 2459 1200 2489 meo
1228 2445 1443 2489 nomine.
1513 2441 1662 2499 Quod
1689 2448 1833 2487 tanto
1859 2442 1925 2486 in-

451 2523 658 2570 tervallo
691 2521 809 2568 nihil
842 2526 1043 2570 omnino
1075 2523 1138 2570 ad
1172 2539 1254 2570 vos
1285 2525 1474 2587 scripsi,
1506 2525 1580 2569 nis
1613 2523 1791 2569 litteris
1821 2535 1926 2584 pro·

451 2615 537 2671 362
