1988 3008
63 1796 158 1843 Ser.
184 1797 230 1844 in

62 1863 308 1910 Formiano

67 1929 202 1975 XIII
220 1929 281 1976 K.

65 1996 177 2060 Apr.
205 2013 248 2043 a.
277 1997 368 2047 705

696 188 979 235 MARCUS
1023 188 1324 236 TULLIUS
1370 188 1623 237 CICERO

412 315 499 371 illi,
530 332 729 378 quoquo
764 322 997 377 tempore
1033 315 1140 371 fiet,
1171 319 1269 362 erit
1305 319 1603 379 ἀσμενιστόν.
1675 316 1775 364 Sed
1809 315 1903 364 hoc

412 395 484 438 ita
525 392 653 446 dico,
694 395 735 437 si
775 390 873 447 hic,
915 407 1015 454 qua
1053 395 1251 438 ratione
1293 395 1495 439 initium
1535 392 1676 450 fecit,
1720 393 1903 440 eadem

411 475 585 514 cetera
632 474 770 531 aget,
816 471 1029 523 sincere,
1070 475 1376 530 temperate,
1422 469 1719 532 prudenter,
1759 469 1903 516 valde

412 543 583 590 videro
612 551 665 590 et
691 544 1055 591 consideratius
1084 544 1295 592 utilitati
1322 552 1528 592 nostrae
1553 544 1903 594 consuluer0.''

410 635 482 666 vn
506 619 623 666 Idus
650 620 865 666 Martias
887 621 1063 667 scribis
1088 620 1352 668 Peducaeo
1375 638 1575 685 quoque
1596 629 1770 670 nostro
1790 639 1904 686 pro-

410 696 538 752 bari,
554 696 689 759 quod
705 699 921 759 quierim
938 712 950 752 ;
983 700 1121 743 cuius
1139 700 1416 745 auctoritas
1433 698 1651 746 multum
1668 699 1805 762 apud
1818 715 1900 746 me

410 772 560 819 valet.
630 773 721 819 His
754 789 849 836 ego
879 776 980 820 tuis
1011 777 1212 836 scriptis
1244 790 1326 820 me
1357 775 1601 831 consolor,
1632 782 1689 822 ut
1719 774 1843 822 nihil
1873 792 1904 822 a

409 865 492 895 me
524 848 686 895 adhuc
716 849 961 896 delictum
990 857 1184 912 putem.
1253 850 1331 897 Tu
1361 851 1510 898 modo
1541 855 1903 899 auctoritatem

409 933 553 972 tuam
593 924 884 980 defendit03
942 925 1181 973 adversus
1223 943 1305 973 me
1346 927 1470 973 nihil
1509 944 1633 991 opus
1676 935 1773 984 est,
1812 929 1902 976 sed

410 1005 616 1048 consciis
662 1018 788 1065 egeo
830 1002 953 1049 aliis.
1023 1002 1151 1066 Ego,
1192 1006 1234 1049 si
1276 1002 1400 1050 nihil
1441 1007 1664 1066 peccavi,
1704 1005 1900 1068 reliqua

410 1079 607 1125 tuebor.
676 1078 758 1125 Ad
782 1095 842 1125 ea
871 1086 984 1125 tute
1014 1077 1220 1126 hortare
1246 1086 1299 1126 et
1322 1096 1404 1127 me
1427 1084 1629 1128 omnino
1651 1088 1745 1128 tua
1766 1085 1901 1146 cogi-

410 1158 604 1201 tatione
651 1155 846 1202 adiuva.
916 1155 1012 1202 Hic
1058 1154 1303 1202 nihildum
1348 1155 1413 1203 de
1457 1157 1628 1204 reditu
1675 1156 1903 1204 Caesaris

412 1231 727 1278 audiebatur.
797 1231 906 1294 Ego
957 1230 1031 1278 his
1084 1231 1270 1279 litteris
1323 1231 1415 1279 hoc
1466 1241 1641 1281 tamen
1689 1233 1903 1297 profeci,

411 1307 605 1371 perlegi
628 1323 801 1354 omnes
824 1315 937 1355 tuas
963 1315 1017 1355 et
1040 1311 1091 1354 in
1115 1325 1174 1356 eo
1198 1312 1440 1373 acquievi.

1121 1583 1194 1629 XI

900 1705 1072 1736 CICERO
1106 1706 1280 1736 ATTICO
1315 1705 1412 1738 SAL.

480 1795 751 1842 Lentulum
777 1804 1008 1843 nostrum
1031 1800 1126 1843 scis
1154 1796 1375 1843 Puteolis
1403 1796 1548 1844 esse?
1615 1797 1762 1858 Quod
1787 1816 1900 1846 cum

404 1871 443 1918 e
471 1876 661 1919 viatore
689 1872 907 1935 quodam
934 1880 1070 1919 esset
1096 1873 1344 1930 auditum,
1371 1877 1456 1937 qui
1481 1890 1536 1920 se
1562 1874 1758 1922 diceret
1784 1892 1900 1922 eum

416 1951 465 1993 in
481 1948 663 2010 Appia,
677 1965 792 1995 cum
804 1952 844 1995 is
859 1949 1066 2012 paulum
1080 1949 1314 1996 lecticam
1328 1953 1630 2012 aperuisset,
1643 1968 1901 2015 cognosse,

417 2027 509 2070 etsi
539 2028 620 2070 vix
647 2028 753 2071 veri
779 2025 959 2082 simile,
985 2029 1097 2072 misi
1123 2033 1299 2073 tamen
1326 2026 1560 2073 Puteolos
1587 2043 1789 2090 pueros,
1815 2031 1899 2092 qui

415 2104 837 2164 pervestigarent,
861 2109 915 2149 et
938 2102 1003 2149 ad
1026 2119 1143 2149 eum
1166 2102 1380 2150 litteras.
1451 2103 1691 2150 Inventus
1716 2112 1796 2152 est
1817 2108 1899 2152 vix

414 2180 464 2222 in
501 2175 657 2223 hortis
694 2181 793 2224 suis
830 2194 884 2224 se
922 2179 1176 2226 occultans
1215 2179 1514 2242 litterasque
1550 2179 1672 2226 mihi
1706 2184 1899 2229 remisit

414 2253 620 2299 mirifice
642 2258 831 2316 gratias
855 2271 1009 2317 agens
1032 2254 1265 2310 Caesari3
1304 2255 1368 2302 de
1390 2271 1479 2302 suo
1502 2263 1675 2302 autem
1696 2257 1899 2304 consilio

415 2328 469 2375 C.
499 2329 675 2376 Caesio
702 2331 942 2378 mandata
969 2331 1033 2378 ad
1060 2348 1141 2378 me
1168 2331 1382 2379 dedisse.
1466 2332 1597 2378 Eum
1625 2349 1722 2396 ego
1748 2331 1898 2381 hodie

415 2406 789 2468 exspectabam,
810 2407 861 2453 id
884 2415 962 2454 est
983 2423 1075 2453 xm
1102 2408 1163 2454 K.
1189 2408 1404 2470 Apriles.

479 2481 633 2530 Venit
669 2486 826 2530 etiam
859 2483 924 2530 ad
955 2500 1038 2531 me
1073 2483 1265 2531 Matius
1301 2484 1717 2549 Quinquatribus,
1749 2484 1897 2534 homo

413 2586 501 2630 234
