1988 3008
696 164 979 212 MARCUS
1016 165 1325 213 'TULLIUS
1371 166 1623 214 CICERO

410 293 546 356 quod
566 299 715 356 turpe
738 296 820 349 sit,
842 300 981 340 certe
1004 301 1219 356 uterque
1240 297 1451 341 istorum
1473 301 1551 341 est
1573 297 1896 351 miserrimus,

409 390 622 436 quorum
648 376 850 436 utrique
877 390 1077 436 semper
1101 377 1297 437 patriae
1324 374 1455 421 salus
1482 382 1536 421 et
1562 375 1781 438 dignitas
1806 391 1893 438 po·

406 456 585 499 sterior
609 470 698 499 sua
721 453 1064 500 dominatione
1089 461 1142 500 et
1166 453 1455 501 domesticis
1478 454 1751 501 commodis
1775 453 1889 502 fuit.

409 530 673 579 Praeclara
692 536 847 597 igitur
867 536 1174 580 conscientia
1195 541 1468 590 sustentor,
1488 551 1603 581 cum
1624 538 1792 598 cogito
1813 550 1895 581 me

407 612 473 659 de
491 629 545 659 re
564 613 770 675 publica
788 620 879 660 aut
897 617 1139 660 meruisse
1157 617 1368 677 optime,
1385 631 1500 661 cum
1517 618 1789 677 potuerim,
1809 621 1897 661 aut

408 700 548 739 certe
585 709 864 756 numquam
897 696 990 740 nisi
1022 697 1105 756 pie
1137 697 1405 758 cogitasse,
1438 711 1600 757 eaque
1631 697 1739 757 ipsa
1770 701 1899 740 tem-

411 780 615 835 pestate
646 789 873 820 eversam
903 790 1012 820 esse
1041 790 1149 820 rem
1178 773 1449 837 publicam,
1480 791 1631 837 quam
1662 791 1756 839 ego
1785 789 1897 821 xnn

411 856 553 899 annis
610 860 730 900 ante
787 857 1147 917 prospexerim.
1217 854 1327 900 Hac
1382 857 1538 917 igitur
1591 857 1898 901 conscientia

406 937 591 998 comite
607 933 891 996 proficiscar
906 951 1091 997 magno
1109 934 1345 997 equidem
1361 951 1476 980 cum
1492 934 1661 981 dolore
1678 951 1771 981 nec
1786 941 1893 981 tam

409 1013 461 1059 id
481 1021 690 1077 propter
708 1030 790 1060 me
812 1021 900 1060 aut
919 1021 1127 1077 propter
1145 1013 1355 1061 fratrem
1374 1031 1564 1070 meum,
1585 1031 1798 1078 quorum
1819 1022 1897 1061 est

403 1096 505 1139 iam
523 1100 637 1139 acta
653 1101 812 1150 aetas,
829 1111 982 1157 quam
997 1101 1204 1157 propter
1219 1111 1418 1157 pueros,
1434 1096 1614 1158 quibus
1629 1094 1890 1141 interdum

405 1173 635 1220 videmur
678 1181 937 1237 praestare
985 1177 1142 1220 etiam
1187 1191 1295 1220 rem
1339 1174 1594 1237 publicam
1640 1174 1888 1221 debuisse.

404 1253 632 1312 Quorum
652 1253 858 1317 quidem
878 1253 1006 1300 alter
1025 1271 1126 1301 non
1144 1261 1252 1301 tam
1272 1257 1390 1317 quia
1409 1254 1537 1301 filius
1557 1253 1747 1317 quam,l
1769 1257 1887 1318 quia

406 1336 593 1380 maiore
619 1336 814 1397 pietate
841 1341 936 1390 est,
961 1350 1044 1380 me
1069 1334 1365 1381 mirabiliter
1391 1337 1665 1390 excruciat,
1691 1334 1819 1381 alter
1843 1333 1894 1396 (o

405 1430 513 1460 rem
546 1414 807 1460 miseram!
842 1413 963 1460 nihil
998 1418 1132 1461 enim
1165 1414 1286 1460 mihi
1321 1415 1506 1471 accidit
1538 1417 1590 1460 in
1623 1417 1756 1460 omni
1791 1417 1896 1461 vita

407 1494 654 1556 acerbius)
684 1494 1002 1557 indulgentia
1031 1494 1266 1541 videlicet
1297 1501 1468 1541 nostra
1498 1494 1802 1557 depravatus
1834 1510 1894 1540 eo

407 1590 699 1637 progressus
729 1581 824 1630 est,
855 1591 955 1637 quo
984 1591 1085 1620 non
1113 1574 1276 1621 audeo
1306 1574 1488 1621 dicere.
1557 1574 1626 1620 Et
1656 1580 1895 1637 exspecto

406 1661 520 1700 tuas
537 1654 735 1700 litteras
752 1669 763 1709 ;
800 1657 1040 1717 scripsisti
1060 1657 1195 1701 enim
1212 1661 1265 1701 te
1285 1657 1586 1717 scripturum
1606 1671 1714 1700 esse
1734 1654 1891 1717 plura,

404 1751 519 1780 cum
565 1737 730 1797 ipsum
776 1735 996 1781 vidisses.
1066 1734 1231 1781 Omne
1278 1751 1449 1781 meum
1496 1736 1793 1797 obsequium
1838 1737 1888 1779 in

408 1814 547 1860 illum
567 1814 663 1861 fuit
682 1831 797 1860 cum
815 1814 977 1861 multa
996 1818 1287 1870 severitate,
1307 1830 1473 1877 neque
1493 1831 1650 1861 unum
1670 1817 1775 1860 eius
1796 1830 1888 1860 nec

406 1911 632 1957 parvum,
653 1895 743 1940 sed
767 1894 928 1941 multa
953 1911 1139 1958 magna
1163 1894 1350 1941 delicta
1374 1897 1658 1957 compressi.
1729 1892 1890 1940 Patris

403 1981 576 2020 autem
595 1974 777 2021 lenitas
797 1974 1014 2021 amanda
1031 1977 1200 2038 potius
1220 1975 1284 2021 ab
1303 1974 1387 2020 illo
1407 1991 1560 2037 quam
1579 1981 1686 2020 tam
1706 1973 1880 2020 crude—

404 2053 519 2100 liter
557 2054 891 2118 neglegenda.
961 2054 1091 2101 Nam
1131 2054 1327 2101 litteras
1367 2057 1474 2100 eius
1513 2054 1579 2100 ad
1617 2053 1884 2100 Caesarem

404 2136 577 2180 missas
602 2137 676 2180 ita
700 2137 922 2198 graviter
946 2134 1173 2190 tulimus,
1199 2141 1256 2181 ut
1281 2141 1335 2181 te
1362 2134 1567 2197 quidem
1592 2133 1885 2190 celaremus,

405 2214 495 2260 sed
507 2217 660 2276 ipsius
675 2214 959 2261 videremur
972 2217 1129 2261 vitam
1142 2217 1402 2261 insuavem
1415 2213 1706 2260 reddidisse.
1778 2213 1890 2260 Hoc

403 2310 521 2340 vero
547 2297 652 2340 eius
675 2297 772 2340 iter
796 2293 1149 2357 simulatioque
1175 2297 1380 2357 pietatis
1405 2293 1564 2357 qualis
1588 2292 1758 2348 fuerit,
1782 2309 1883 2339 non

406 2373 568 2420 audeo
592 2374 787 2429 dicere3
829 2381 1031 2420 tantum
1055 2377 1174 2430 scio,
1196 2380 1311 2437 post
1336 2373 1558 2419 Hirtium
1583 2379 1887 2419 conventum

676 2486 692 2510 ²
723 2486 823 2537 quia
841 2485 954 2526 filius
976 2499 1107 2538 quam
1125 2485 1257 2527 added
1276 2485 1327 2537 by
1349 2485 1614 2536 Malaspina.

404 2563 494 2619 284
