1942 3022
671 201 953 249 MARCUS
997 200 1297 248 TULLIUS
1343 200 1592 248 CICERO

390 333 563 380 Habet
583 335 717 380 enim
736 347 815 378 res
836 330 1281 384 deliberationem3
1320 332 1415 377 etsi
1437 346 1500 376 ex
1520 337 1667 393 parte
1686 346 1873 394 magna

386 428 480 474 tibi
505 426 772 473 adsentior.
843 424 923 471 De
948 426 1114 470 animo
1139 431 1312 470 autem
1334 440 1448 469 meo
1473 439 1594 487 erga
1617 440 1723 470 rem
1747 423 1871 486 pub-

386 519 533 566 licam
569 519 701 565 bene
739 516 860 564 facis
898 516 1033 580 quod
1070 533 1171 563 non
1208 516 1427 572 dubitas,
1466 523 1520 564 et
1556 515 1680 563 illud
1715 516 1872 580 probe

388 612 593 668 iudicas,
620 627 942 674 nequaquam
970 612 1091 656 satis
1119 626 1209 672 pro
1236 612 1361 656 meis
1389 609 1574 665 officiis,
1602 627 1691 673 pro
1719 613 1872 673 ipsius

388 708 438 751 in
459 705 579 751 alios
600 703 840 751 effusione
859 702 999 750 illum
1019 706 1070 748 in
1090 719 1172 749 me
1192 702 1452 750 liberalem
1472 702 1643 759 fuisse,
1664 707 1872 766 eiusque

385 802 454 844 rei
502 814 703 844 causam
750 813 866 844 vere
914 795 1150 859 explicas,
1197 803 1251 843 et
1297 799 1384 850 eis,
1431 813 1562 859 quae
1608 797 1671 844 de
1718 797 1874 844 Fabio

387 891 695 954 Caninioque
724 897 839 937 acta
865 890 1054 945 scribis,
1084 889 1227 936 valde
1254 893 1591 937 consentiunt.
1661 890 1806 948 Quae
1833 894 1871 937 si

386 1001 527 1031 secus
571 991 757 1039 essent,
801 990 1068 1046 totumque
1112 999 1165 1029 se
1207 982 1290 1030 ille
1333 985 1384 1028 in
1426 999 1508 1030 me
1551 983 1873 1047 profudisset,

384 1085 558 1125 tamen
586 1076 686 1133 illa,
715 1093 868 1140 quam
895 1077 1084 1132 scribis,
1113 1083 1280 1123 custos
1309 1077 1444 1123 urbis
1473 1093 1555 1124 me
1584 1077 1873 1140 praeclarae

383 1172 716 1234 inscriptionis
753 1186 1028 1216 memorem
1066 1186 1174 1216 esse
1211 1177 1434 1234 cogeret,
1471 1186 1565 1218 nec
1600 1170 1722 1217 mihi
1758 1188 1873 1219 con-

383 1264 606 1319 cederet,
637 1270 694 1310 ut
723 1265 949 1310 imitarer
979 1262 1266 1310 Volcacium
1298 1270 1386 1310 aut
1417 1262 1661 1320 Servium,
1693 1265 1873 1328 quibus

383 1364 442 1404 tu
470 1373 523 1404 es
549 1363 835 1412 contentus,
864 1356 953 1403 sed
981 1355 1169 1420 aliquid
1196 1373 1284 1403 nos
1314 1356 1466 1404 vellet
1493 1358 1635 1404 nobis
1663 1357 1873 1422 dignum

384 1458 437 1497 et
474 1453 659 1497 sentire
697 1457 750 1497 et
785 1449 1075 1496 defendere.
1145 1449 1293 1508 Quod
1330 1450 1534 1513 quidem
1571 1468 1796 1515 agerem,
1832 1454 1871 1499 si

384 1543 575 1599 liceret,
599 1542 694 1589 alio
716 1542 883 1598 modo,
907 1559 964 1589 ac
986 1560 1118 1590 nunc
1142 1543 1395 1607 agendum
1420 1552 1512 1591 est.

447 1636 527 1683 De
567 1653 655 1682 sua
694 1639 925 1699 potentia
962 1636 1204 1684 dimicant
1244 1635 1470 1683 homines
1508 1636 1602 1684 hoc
1640 1646 1872 1702 tempore

382 1730 602 1792 periculo
639 1732 870 1776 civitatis.
941 1729 1088 1785 Nam,
1127 1732 1165 1776 si
1205 1746 1284 1777 res
1323 1729 1523 1793 publica
1562 1731 1871 1790 defenditur,

383 1840 470 1869 cur
494 1839 555 1869 ea
577 1822 779 1869 consule
804 1825 899 1869 isto
925 1826 1030 1886 ipso
1056 1822 1266 1870 defensa
1289 1840 1390 1870 non
1416 1824 1528 1870 est?
1570 1841 1658 1871 cur
1683 1841 1794 1890 ego,
1820 1829 1871 1873 in

382 1919 520 1962 cuius
553 1932 703 1962 causa
737 1918 806 1962 rei
841 1915 1072 1979 publicae
1107 1916 1238 1962 salus
1271 1917 1598 1973 consistebat,
1632 1917 1870 1966 defensus

383 2017 583 2071 postero
607 2025 737 2055 anno
762 2025 860 2055 non
885 2009 1030 2055 sum?
1071 2026 1158 2056 cur
1181 2012 1447 2072 imperium
1473 2009 1539 2055 illi
1566 2018 1655 2058 aut
1678 2028 1764 2058 cur
1787 2011 1870 2059 illo

381 2102 530 2148 modo
547 2109 870 2165 prorogatum
888 2109 965 2148 est
982 2102 1000 2147 ?
1033 2118 1122 2148 cur
1138 2110 1285 2150 tanto
1301 2119 1453 2165 opere
1474 2111 1758 2167 pugnatum
1775 2113 1868 2163 est,

383 2202 437 2241 ut
461 2194 523 2240 de
546 2197 651 2241 eius
673 2195 895 2241 absentis
916 2197 1111 2242 ratione
1134 2194 1368 2242 habenda
1390 2195 1566 2243 decem
1589 2197 1778 2244 tribuni
1799 2198 1865 2262 pl.

383 2287 607 2333 ferrent?
675 2287 766 2333 His
789 2286 871 2334 ille
896 2288 1043 2334 rebus
1068 2291 1141 2334 ita
1163 2288 1432 2344 convaluit,
1460 2297 1514 2336 ut
1539 2305 1670 2335 nunc
1693 2293 1743 2336 in
1769 2308 1868 2339 uno

381 2382 472 2427 civi
508 2396 620 2442 spes
655 2379 717 2426 ad
750 2380 1085 2427 resistendum
1119 2384 1211 2436 sit3
1263 2386 1344 2444 qui
1381 2381 1582 2429 mallem
1617 2391 1786 2430 tantas
1821 2387 1864 2431 ei

383 2475 509 2519 vires
534 2489 634 2519 non
660 2473 880 2521 dedisset
908 2490 1059 2538 quam
1085 2491 1215 2522 nunc
1241 2483 1349 2522 tarn
1377 2474 1558 2522 valenti
1589 2479 1862 2524 resisteret.

383 2595 436 2624 22
