1988 3008
669 185 952 234 MARCUS
995 186 1296 235 TULLIUS
1340 187 1592 237 CICERO

387 317 535 361 mitas
556 316 744 360 avertit
763 313 828 360 ab
847 330 1034 360 amore.
1104 313 1239 361 Nihil
1258 318 1393 362 enim
1412 315 1621 379 dignum
1639 315 1876 374 faciebat,

389 410 545 456 quare
584 396 689 440 eius
728 392 880 457 fugae
917 396 1158 441 comitem
1193 411 1276 441 me
1314 394 1661 459 adiungerem.
1730 397 1875 446 Nunc

388 476 606 536 emergit
642 489 799 529 amor,
835 489 967 520 nunc
1003 473 1313 523 desiderium
1348 474 1486 522 ferre
1522 491 1622 523 non
1657 492 1875 539 possum,

387 569 518 600 nunc
558 551 678 599 mihi
718 551 840 599 nihil
879 553 1012 610 libri,
1052 552 1174 600 nihil
1214 554 1438 611 litterae,
1479 554 1601 602 nihil
1643 555 1875 603 doctrina

386 633 608 695 prodest.
678 633 760 680 Ita
785 632 892 680 dies
921 639 976 680 et
1002 640 1178 681 noctes
1204 640 1467 697 tamquam
1493 638 1596 682 avis
1623 635 1708 682 illa
1733 653 1875 684 mare

385 720 669 776 prospecto,
693 713 890 760 evolare
912 716 1073 776 cupio.
1142 713 1241 770 Do,
1263 714 1327 761 do
1349 731 1537 777 poenas
1559 719 1874 763 temeritatis

386 809 544 839 meae.
612 793 723 839 Etsi
754 809 884 855 quae
915 792 1013 840 fuit
1042 793 1126 840 illa
1155 794 1461 841 temeritas?
1493 794 1614 858 quid
1644 794 1744 843 feci
1775 812 1876 843 non

384 872 872 919 consideratissime?
938 872 990 919 Si
1052 876 1188 920 enim
1249 873 1371 920 nihil
1431 881 1640 937 praeter
1701 874 1877 939 fugam

386 960 735 1016 quaereretur,
770 952 1014 1016 fugissem
1049 953 1399 1011 libentissime,
1434 954 1526 1002 sed
1559 971 1719 1019 genus
1755 955 1875 1003 belli

381 1032 711 1079 crudelissimi
733 1040 787 1080 et
806 1036 1033 1089 maximi,
1054 1033 1188 1097 quod
1206 1033 1429 1081 nondum
1449 1034 1623 1082 vident
1644 1033 1875 1083 homines

386 1113 533 1176 quale
547 1112 774 1160 futurum
787 1116 870 1169 sit,
883 1112 1165 1176 perhorrui.
1235 1114 1379 1172 Quae
1393 1118 1560 1161 minae
1574 1118 1875 1178 municipiis,

386 1209 516 1256 quae
546 1196 843 1240 nominatim
872 1196 989 1240 viris
1020 1194 1181 1250 bonis,
1213 1210 1342 1258 quae
1373 1194 1592 1258 denique
1623 1196 1875 1253 omnibus,

387 1276 469 1336 qui
506 1275 890 1321 remansissent!
935 1290 1088 1337 quam
1122 1274 1300 1321 crebro
1325 1274 1447 1321 illud
1473 1274 1500 1290 “
1520 1274 1656 1321 Sulla
1687 1279 1873 1339 potuit,

386 1370 481 1416 ego
500 1370 599 1400 non
615 1352 829 1416 potero?
849 1352 878 1369 ”
896 1354 905 1401 Ξ
953 1353 1081 1400 Mihi
1101 1361 1276 1401 autem
1291 1354 1568 1402 haeserunt
1586 1355 1685 1402 illa.
1734 1355 1875 1403 Male

384 1433 697 1496 Tarquinius,
728 1436 813 1496 qui
844 1433 1135 1490 Porsenam‚
1166 1438 1251 1497 qui
1282 1434 1553 1482 Octavium
1584 1434 1871 1482 Mamilium

384 1519 560 1559 contra
571 1516 809 1575 patriam,
823 1516 976 1577 impie
992 1513 1303 1571 Coriolanus,
1318 1518 1403 1578 qui
1419 1515 1662 1562 auxilium
1675 1518 1831 1578 petiit
1846 1533 1876 1562 a

386 1592 590 1648 Volscis,
611 1599 751 1639 recte
773 1592 1154 1650 Themistocles,
1178 1596 1261 1657 qui
1285 1598 1412 1641 mori
1434 1595 1630 1651 maluit,
1653 1594 1874 1642 nefarius

386 1672 615 1735 Hippias,
652 1672 905 1720 Pisistrati
943 1673 1089 1730 filius,
1127 1677 1211 1738 qui
1249 1677 1300 1720 in
1341 1673 1668 1722 Marathonia
1704 1692 1876 1739 pugna

384 1752 566 1798 cecidit
607 1769 747 1799 arma
786 1760 963 1799 contra
1003 1757 1222 1816 patriam
1269 1753 1453 1801 ferens,
1511 1742 1594 1802 ‘At
1635 1754 1787 1811 Sulla,
1822 1763 1876 1803 at

388 1831 599 1888 Marius,
620 1839 673 1879 at
695 1832 856 1879 Cinna
875 1840 1035 1889 recte,
1055 1836 1211 1880 immo
1232 1837 1342 1881 iure
1363 1833 1607 1891 fortasse;
1644 1835 1736 1882 sed
1757 1836 1876 1898 quid

385 1928 558 1958 eorum
609 1916 819 1959 victoria
869 1913 1139 1970 crudelius,
1191 1914 1311 1977 quid
1361 1914 1645 1961 funestius?
1713 1915 1874 1962 Huius

384 1991 503 2038 belli
529 2008 687 2054 genus
716 1991 842 2055 fugi,
870 1999 924 2039 et
952 2009 1012 2039 eo
1038 1996 1218 2056 magis,
1247 1993 1381 2056 quod
1406 1994 1692 2041 crudeliora
1720 1999 1875 2042 etiam

384 2074 596 2134 cogitari
617 2079 670 2118 et
690 2075 859 2134 parari
880 2071 1126 2119 videbam.
1198 2073 1305 2130 Me,
1326 2090 1479 2137 quem
1498 2090 1598 2120 non
1618 2074 1739 2120 nulli
1759 2092 1874 2122 con-

384 2157 697 2197 servatorem
710 2154 853 2197 istius
869 2152 1026 2208 urbis,
1041 2169 1193 2216 quem
1207 2160 1476 2216 parentem
1493 2170 1603 2200 esse
1618 2153 1874 2212 dixerunt,

386 2229 634 2276 Getarum
654 2237 707 2277 et
726 2231 1085 2278 Armeniorum
1104 2239 1158 2279 et
1176 2231 1475 2279 Colchorum
1492 2236 1658 2296 copias
1677 2233 1743 2280 ad
1761 2250 1874 2281 eam

386 2309 672 2356 adducere?
691 2327 774 2356 me
794 2314 918 2357 meis
938 2311 1126 2358 civibus
1147 2311 1354 2368 famem,
1374 2316 1666 2360 vastitatem
1685 2313 1874 2361 inferre

387 2387 599 2435 Italiae?
661 2389 809 2437 Hunc
830 2394 1051 2453 primum
1073 2392 1339 2439 mortalem
1363 2409 1490 2449 esse,
1512 2392 1695 2440 deinde
1719 2396 1873 2440 etiam

386 2579 474 2624 226
