1988 3042
678 225 960 273 MARCUS
1005 224 1305 272 TULLIUS
1350 225 1601 273 CICERO

397 357 507 404 cule
527 360 579 403 in
599 359 733 403 omni
754 370 944 418 genere
964 353 1128 400 iudico
1148 353 1471 416 singularem,
1491 354 1663 401 confer
1684 356 1748 403 ad
1769 373 1881 403 eam

397 451 586 490 curam,
613 440 671 479 ut
698 431 762 478 de
790 434 926 478 omni
952 437 1091 478 statu
1118 445 1233 477 meo
1260 434 1466 494 cogites.
1536 430 1719 480 Videre
1748 436 1882 480 enim

398 509 520 556 mihi
542 509 712 556 videor
731 514 931 555 tantam
951 507 1344 562 dimicationem,
1365 510 1458 554 nisi
1478 507 1614 554 idem
1634 508 1777 566 deus,
1798 511 1881 573 qui

399 603 487 633 nos
519 586 713 641 melius,
745 601 897 647 quam
928 591 1106 646 optare
1138 583 1457 640 auderemus,
1489 583 1721 633 Parthico
1751 585 1883 632 bello

400 663 648 718 liberavit,
682 663 965 723 respexerit
998 676 1107 707 rem
1142 660 1411 723 publicam,
1445 689 1510 696 —
1543 661 1633 709 sed
1668 669 1884 719 tantam,

402 746 592 802 quanta
621 754 896 801 numquam
924 736 1035 784 fuit.
1105 737 1236 801 Age,
1263 735 1357 784 hoc
1385 737 1575 784 malum
1602 737 1722 784 mihi
1752 756 1883 786 com-

400 831 553 862 mune
583 822 661 862 est
689 831 803 862 cum
831 814 1076 861 omnibus.
1147 812 1282 860 Nihil
1308 814 1401 861 tibi
1430 814 1615 862 mando
1644 823 1701 862 ut
1730 815 1794 862 de
1825 832 1884 863 eo

400 896 609 956 cogites,
633 891 756 938 illud
778 906 949 937 meum
972 894 1230 953 proprium
1251 892 1528 954 πρόβλημα,
1553 908 1757 955 quaeso,
1781 909 1887 940 sus-

400 973 526 1031 cipe.
594 967 831 1024 Videsne,
870 974 929 1014 ut
968 974 1022 1014 te
1063 975 1269 1014 auctore
1308 971 1402 1015 sim
1443 975 1714 1032 utrumque
1753 986 1884 1016 com-

401 1044 613 1108 plexus?
680 1044 754 1091 Ac
776 1043 957 1091 vellem
978 1060 1008 1090 a
1028 1047 1272 1107 principio
1293 1051 1347 1091 te
1370 1044 1567 1091 audisse
1590 1049 1885 1093 amicissime

401 1129 708 1169 monentem.

542 1248 678 1298 Ἀλλ’
702 1250 811 1311 ἐμὸν
835 1250 1000 1297 οὔποτε
1025 1250 1168 1311 θυμὸν
1194 1250 1257 1297 ε’νὶ
1281 1251 1541 1312 στήθεσσιν
1566 1252 1752 1303 ἔπειθες.

404 1378 504 1426 Sed
528 1376 795 1441 aliquando
818 1383 993 1423 tamen
1016 1380 1327 1439 persuasisti,
1350 1384 1408 1424 ut
1432 1377 1648 1424 alterum
1671 1379 1886 1442 comple-

402 1464 585 1510 cterer,
622 1457 739 1517 quia
775 1453 840 1500 de
876 1468 958 1499 me
996 1461 1108 1500 erat
1144 1461 1353 1516 optume
1390 1457 1618 1511 meritus,
1655 1455 1888 1513 alterum,

404 1536 522 1596 quia
547 1537 750 1578 tantum
776 1529 990 1576 valebat.
1062 1530 1179 1577 Feci
1205 1533 1360 1594 igitur
1385 1534 1558 1594 itaque
1586 1530 1728 1579 effeci
1753 1536 1886 1580 omni

404 1610 662 1670 obsequio,
683 1614 740 1653 ut
762 1610 929 1653 neutri
951 1606 1148 1653 illorum
1170 1610 1435 1670 quisquam
1457 1615 1590 1654 esset
1611 1624 1694 1655 me
1714 1611 1886 1657 carior.

406 1686 547 1732 Haec
589 1687 724 1730 enim
764 1683 1130 1746 cogitabamus,
1170 1699 1264 1731 nec
1305 1682 1425 1730 mihi
1467 1687 1733 1733 coniuncto
1774 1703 1889 1733 cum

409 1762 646 1823 Pompeio
667 1759 775 1806 fore
796 1775 1002 1807 necesse
1022 1775 1233 1823 peccare
1254 1763 1306 1806 in
1325 1776 1380 1808 re
1401 1761 1601 1824 publica
1621 1761 1890 1826 aliquando

408 1854 499 1884 nec
543 1853 657 1884 cum
702 1835 918 1883 Caesare
962 1840 1200 1883 sentienti
1248 1837 1575 1901 pugnandum
1622 1854 1731 1885 esse
1775 1857 1887 1886 cum

408 1914 660 1976 Pompeio.
728 1912 892 1960 Tanta
914 1920 1026 1960 erat
1047 1913 1244 1960 illorum
1266 1917 1564 1961 coniunctio.
1635 1914 1778 1962 Nunc
1801 1920 1887 1963 im-

408 1990 615 2054 pendet,
641 1997 697 2036 ut
723 1996 776 2036 et
799 1996 857 2036 tu
883 1989 1124 2045 ostendis,
1150 1998 1203 2037 et
1229 2006 1324 2054 ego
1350 1990 1511 2046 video,
1536 2008 1734 2038 summa
1758 1996 1890 2040 inter

408 2083 492 2114 eos
528 2069 799 2113 contentio.
871 2065 960 2112 Me
997 2073 1170 2114 autem
1206 2074 1422 2130 uterque
1458 2075 1692 2115 numerat
1727 2085 1890 2127 suum,

409 2146 502 2189 nisi
520 2142 653 2189 forte
670 2142 873 2189 simulat
893 2142 1036 2190 alter.
1107 2142 1234 2189 Nam
1256 2143 1523 2207 Pompeius
1542 2161 1643 2191 non
1661 2144 1863 2194 dubitat
1879 2162 1891 2203 3

403 2235 526 2266 vere
547 2222 681 2264 enim
699 2218 887 2265 iudicat
908 2234 985 2274 ea,
1007 2235 1136 2282 quae
1156 2219 1220 2266 de
1239 2235 1294 2266 re
1313 2220 1514 2282 publica
1534 2237 1666 2268 nunc
1685 2225 1889 2280 sentiat,

409 2294 527 2341 mihi
571 2294 715 2341 valde
757 2295 972 2356 probari.
1042 2295 1319 2359 Utriusque
1361 2304 1531 2343 autem
1575 2301 1741 2360 accepi
1786 2302 1890 2346 eius

410 2371 543 2417 modi
584 2370 778 2417 litteras
819 2371 997 2418 eodem
1037 2379 1267 2435 tempore
1307 2390 1405 2436 quo
1444 2380 1576 2430 tuas,
1615 2381 1672 2421 ut
1712 2383 1892 2422 neuter

411 2463 715 2509 quemquam
736 2450 959 2493 omnium
979 2448 1134 2510 pluris
1155 2448 1323 2495 facere
1346 2466 1495 2512 quam
1516 2466 1598 2496 me
1619 2450 1889 2499 videretur.

411 2522 598 2568 Verum
623 2523 743 2586 quid
770 2523 952 2587 agam?
1020 2524 1132 2571 Non
1157 2541 1343 2589 quaero
1367 2525 1449 2572 illa
1474 2526 1649 2573 ultima
1673 2528 1734 2590 (si
1758 2531 1890 2574 enim

410 2625 441 2668 4
