1988 3008
66 1122 162 1169 Ser.
186 1122 233 1169 in

65 1190 311 1235 Formiano

68 1255 392 1321 XIVK.Apr.

701 193 985 241 MARCUS
1031 195 1331 243 TULLIUS
1377 197 1630 246 CICERO

419 322 658 383 cogitare,
671 323 772 366 iam
787 321 1082 383 Hispaniam
1097 323 1353 370 abiecisse.
1426 325 1658 372 Monstra
1672 335 1879 375 narrant
1895 343 1907 384 3

419 413 548 458 quae
567 395 690 443 salsa
709 413 817 443 esse
834 405 1062 459 possunt,
1079 399 1170 446 sed
1186 407 1330 447 certe
1350 408 1404 447 et
1422 400 1547 448 haec
1566 402 1768 465 perdita
1786 412 1905 452 sunt

419 479 473 518 et
512 472 595 519 illa
635 489 733 519 non
773 474 1027 521 salutaria.
1095 475 1226 522 Tuas
1267 476 1466 524 litteras
1508 482 1610 525 iam
1651 479 1901 528 desidero.

418 548 537 595 Post
570 548 742 612 fugam
776 557 1002 597 nostram
1036 568 1313 615 numquam
1346 560 1453 600 tam
1487 554 1692 619 longum
1726 573 1901 604 earum

416 626 734 672 intervallum
767 626 878 674 fuit.
951 627 1070 674 Misi
1105 628 1171 675 ad
1202 636 1256 676 te
1292 630 1582 693 exemplum
1614 632 1903 680 litterarum

414 717 643 748 mearum
660 702 725 749 ad
743 702 1030 761 Caesarem,
1050 706 1229 768 quibus
1247 722 1329 753 me
1348 707 1535 771 aliquid
1551 707 1900 771 profecturum

414 785 552 840 puto,

1100 925 1207 971 XIa

739 1036 911 1067 CICERO
946 1037 1052 1068 IMP.
1088 1038 1126 1068 S.
1162 1038 1209 1069 D.
1246 1038 1446 1070 CAESARI
1481 1040 1586 1072 IMP.

482 1115 554 1163 Ut
587 1115 686 1180 legi
719 1124 832 1163 tuas
867 1118 1083 1174 litteras,
1117 1135 1240 1182 quas
1276 1136 1304 1166 a
1341 1121 1524 1168 Furnio
1557 1128 1728 1169 nostro
1763 1139 1902 1170 acce-

416 1208 607 1254 peram,
630 1194 807 1256 quibus
830 1211 1030 1241 mecum
1053 1196 1257 1258 agebas,
1279 1203 1336 1243 ut
1358 1196 1423 1243 ad
1444 1198 1623 1244 urbem
1646 1215 1825 1256 essem,
1845 1208 1900 1247 te

418 1268 543 1315 velle
566 1273 641 1316 uti
665 1269 692 1286 “
715 1270 919 1317 consilio
944 1278 998 1318 et
1022 1271 1273 1335 dignitate
1297 1290 1412 1319 mea
1436 1272 1465 1289 ’'
1488 1277 1652 1321 minus
1676 1292 1788 1321 sum
1811 1276 1897 1323 ad-

414 1349 651 1402 miratus3
689 1347 754 1394 de
775 1346 803 1363 “
826 1351 994 1411 gratia
1018 1347 1047 1364 ”
1070 1355 1123 1396 et
1143 1349 1208 1396 de
1231 1349 1258 1365 “
1282 1366 1378 1412 ope
1402 1349 1432 1365 ''
1453 1351 1574 1414 quid
1593 1351 1899 1415 significares

413 1439 611 1469 mecum
628 1427 735 1486 ipse
754 1425 1081 1487 quaerebam,
1099 1442 1188 1488 spe
1205 1433 1379 1473 tamen
1398 1426 1687 1475 deducebar
1704 1428 1769 1475 ad
1787 1421 1899 1475 eam

412 1503 790 1562 cogitationem,
810 1508 868 1547 ut
886 1509 944 1548 te
960 1519 1053 1564 pro
1073 1509 1163 1549 tua
1183 1503 1466 1550 admirabili
1487 1520 1544 1550 ac
1563 1505 1804 1568 singulari
1823 1521 1899 1552 sa-

412 1579 604 1638 pientia
623 1577 687 1624 de
708 1581 829 1633 otio,
849 1578 912 1624 de
933 1595 1076 1641 pace,
1096 1579 1160 1626 de
1179 1579 1447 1626 concordia
1465 1583 1647 1627 civium
1668 1585 1750 1645 agi
1770 1582 1898 1629 velle

413 1653 705 1710 arbitrarer,
727 1661 781 1700 et
803 1655 867 1701 ad
890 1671 1001 1701 eam
1021 1659 1270 1703 rationem
1293 1657 1648 1703 existimabam
1669 1661 1790 1704 satis
1814 1675 1898 1721 ap-

411 1736 519 1775 tam
542 1746 651 1776 esse
671 1738 724 1777 et
745 1738 980 1778 naturam
1000 1740 1053 1779 et
1071 1749 1340 1795 personam
1362 1750 1544 1780 meam.
1591 1733 1741 1792 Quod
1763 1738 1805 1781 si
1825 1738 1898 1781 ita

413 1813 508 1862 est,
529 1813 582 1853 et
601 1810 641 1852 si
662 1824 760 1870 qua
780 1808 845 1854 de
866 1807 1105 1872 Pompeio
1125 1817 1298 1856 nostro
1318 1809 1508 1857 tuendo
1531 1817 1584 1857 et
1603 1811 1697 1857 tibi
1719 1827 1776 1857 ac
1794 1814 1889 1858 rei-

411 1883 639 1945 publicae
652 1885 1016 1932 reconciliando
1030 1902 1149 1932 cura
1162 1893 1215 1932 te
1231 1890 1456 1950 attingit,
1466 1891 1626 1950 magis
1642 1887 1894 1946 idoneum,

412 1976 563 2022 quam
587 1957 683 2023 ego
703 1978 831 2018 sum,
855 1961 919 2007 ad
942 1978 1056 2008 eam
1078 1979 1281 2009 causam
1303 1962 1534 2025 profecto
1557 1967 1781 2026 reperies
1804 1981 1889 2012 ne-

410 2039 615 2093 minem,
649 2041 732 2100 qui
768 2045 821 2084 et
852 2038 921 2084 illi
954 2055 1156 2102 semper
1191 2046 1245 2086 et
1277 2043 1494 2096 senatui,
1527 2057 1643 2086 cum
1674 2043 1896 2103 primum

411 2116 569 2176 potui,
592 2117 727 2176 pacis
753 2121 930 2161 auctor
953 2114 1042 2171 fui,
1066 2131 1160 2162 nec
1184 2119 1398 2178 sumptis
1425 2120 1576 2162 armis
1600 2115 1718 2163 belli
1743 2116 1895 2163 ullam

410 2196 609 2252 partem
637 2194 803 2254 attigi,
831 2191 1145 2254 iudicavique
1174 2208 1233 2239 eo
1259 2191 1391 2239 bello
1418 2199 1472 2238 te
1499 2192 1692 2248 violari,
1719 2201 1896 2240 contra

410 2269 547 2312 cuius
583 2265 826 2313 honorem
861 2267 1031 2330 populi
1070 2267 1280 2314 Romani
1318 2267 1563 2315 beneficio
1600 2267 1892 2316 concessufn

410 2345 594 2388 inimici
621 2350 774 2405 atque
801 2344 951 2390 invidi
979 2347 1282 2391 niterentur.
1350 2344 1467 2401 Sed,
1493 2352 1550 2391 ut
1576 2362 1635 2392 eo
1661 2353 1894 2408 tempore

411 2434 510 2464 non
529 2419 676 2464 modo
697 2422 802 2480 ipse
822 2419 990 2466 fautor
1009 2421 1271 2483 dignitatis
1291 2428 1411 2468 tuae
1431 2420 1520 2476 fui,
1540 2438 1716 2468 verum
1737 2425 1893 2468 etiam

410 2498 593 2540 ceteris
614 2503 789 2542 auctor
811 2496 875 2542 ad
894 2503 947 2543 te
969 2497 1324 2554 adiuvandum,
1343 2501 1413 2544 sic
1433 2514 1515 2544 me
1535 2514 1665 2544 nuuc
1686 2497 1891 2561 Pompei

410 2585 499 2643 238
