2014 3008
135 1212 237 1261 Ser.

134 1278 377 1328 Brundisi

134 1346 264 1395 XII.
293 1346 359 1393 K.

783 194 1067 241 MARCUS
1112 195 1415 243 TULLIUS
1461 196 1712 245 CICERO

498 321 634 383 quod
649 324 799 368 inane
817 329 968 377 esset,
984 325 1180 369 etiamsi
1199 339 1373 370 verum
1392 331 1542 380 esset,
1556 341 1656 371 non
1673 341 1846 373 verum
1864 331 1987 374 esse.

500 408 557 453 L.
574 408 868 455 Terentium
884 408 1166 456 discessisse
1184 426 1246 456 ex
1263 409 1436 457 Africa
1451 414 1632 458 scimus
1650 409 1991 476 Paestumque

498 497 705 556 venisse.
775 494 911 553 Quid
938 498 978 542 is
1008 495 1206 543 adferat
1236 504 1324 543 aut
1355 513 1454 560 quo
1484 497 1633 544 modo
1664 500 1866 555 exierit,
1897 505 1988 546 aut

497 581 617 643 quid
636 583 688 628 in
708 581 882 629 Africa
901 581 1006 639 fiat,
1027 585 1154 630 scire
1174 583 1340 630 velim.
1400 583 1601 631 Dicitur
1622 587 1868 648 enimper
1888 584 1987 632 Na-

492 667 677 714 sidium
703 671 910 715 emissus
936 685 1059 716 esse.
1116 669 1175 716 Id
1195 669 1342 733 quale
1363 673 1445 726 sit,
1465 670 1633 726 velim,
1654 674 1692 717 si
1714 673 1987 728 inveneris,

495 754 561 800 ad
585 770 667 800 me
693 756 893 802 scribas.
971 756 1051 802 De
1080 755 1164 803 HS
1192 760 1240 813 x,
1268 764 1324 803 ut
1351 758 1539 813 scribis,
1567 757 1764 804 faciam.
1846 757 1985 805 Vale.

557 856 659 887 xv11
691 841 801 888 Kal.
831 841 1126 902 Quinctiles.
1184 850 1186 852 ’

1147 1012 1323 1060 XVIII

975 1125 1150 1156 CICERO
1185 1125 1358 1156 ATTICO
1393 1125 1490 1158 SAL.

555 1205 634 1252 De
661 1204 790 1252 illius
819 1205 1142 1253 Alexandrea
1167 1206 1389 1254 discessu
1416 1206 1535 1252 nihil
1565 1205 1730 1254 adhuc
1756 1210 1986 1264 rumoris,

488 1300 765 1356 contraque
790 1295 957 1356 opinio
983 1293 1128 1340 valde
1155 1310 1264 1340 esse
1290 1293 1607 1356 impeditum.
1680 1294 1865 1358 Itaque
1891 1310 1986 1341 nec

135 1412 301 1472 Quint.
319 1430 350 1461 a
370 1411 465 1461 707
489 1382 655 1435 mitto,
678 1386 736 1426 ut
757 1382 1139 1435 constitueram,
1164 1379 1476 1435 Ciceronem,
1502 1387 1556 1426 et
1579 1387 1633 1427 te
1657 1397 1797 1444 rogo,
1821 1387 1878 1427 ut
1902 1396 1985 1427 me

488 1465 602 1512 hinc
632 1466 886 1529 expedias.
956 1466 1178 1525 Quodvis
1209 1469 1343 1513 enim
1374 1466 1675 1530 supplicium
1701 1459 1869 1535 levius
1906 1473 1985 1514 est

488 1552 581 1600 hac
604 1556 969 1616 permansione.
1040 1553 1149 1599 Hac
1172 1553 1236 1600 de
1259 1569 1313 1600 re
1339 1559 1393 1600 et
1416 1553 1480 1600 ad
1503 1551 1784 1600 Antonium
1808 1556 1978 1617 scripsi

489 1647 543 1686 et
572 1640 636 1686 ad
666 1639 881 1686 Balbum
913 1646 967 1686 et
998 1639 1061 1686 ad
1093 1639 1333 1703 Oppium.
1403 1638 1518 1686 Sive
1549 1643 1683 1686 enim
1714 1638 1902 1686 bellum
1932 1643 1983 1686 in

490 1726 638 1773 Italia
664 1726 890 1773 futurum
918 1734 1013 1783 est,
1041 1729 1144 1773 sive
1170 1726 1410 1773 classibus
1437 1733 1628 1781 utetur,
1656 1725 1736 1774 hic
1763 1742 1872 1774 esse
1900 1742 1983 1774 me

487 1817 693 1860 minime
732 1816 998 1868 convenit;
1051 1830 1263 1876 quorum
1301 1812 1515 1860 fortasse
1556 1820 1828 1876 utrumque
1868 1815 1980 1870 erit,

488 1900 703 1947 alterum
734 1907 890 1947 certe.
960 1899 1198 1947 Intellexi
1231 1902 1433 1946 omnino
1466 1916 1529 1946 ex
1562 1899 1695 1963 Oppi
1729 1915 1978 1956 sermone,

488 2003 640 2050 quem
665 1994 723 2033 tu
747 1985 868 2033 mihi
893 1989 1151 2050 scripsisti,
1178 2003 1309 2050 quae
1343 1988 1551 2033 istorum
1585 1989 1658 2032 ira
1690 1993 1843 2042 esset,
1870 1985 1978 2042 sed,

487 2081 546 2120 ut
572 2090 684 2120 eam
710 2072 904 2129 flectas,
931 2080 984 2120 te
1012 2089 1147 2138 rogo.
1218 2071 1351 2118 Nihil
1381 2075 1583 2119 omnino
1609 2075 1710 2119 iam
1739 2079 1983 2136 exspecto

488 2163 579 2207 nisi
599 2163 854 2216 miserum,
874 2159 963 2207 sed
981 2159 1076 2207 hoc
1095 2159 1358 2223 perditius,
1378 2162 1429 2205 in
1450 2176 1550 2222 quo
1569 2175 1702 2206 nunc
1722 2175 1851 2215 sum,
1872 2158 1976 2206 fieri

487 2247 606 2293 nihil
640 2253 824 2310 potest.
894 2245 1064 2304 Quare
1097 2253 1151 2293 et
1182 2262 1297 2293 cum
1330 2246 1554 2292 Antonio
1586 2244 1791 2309 loquare
1827 2245 1979 2292 velim

486 2341 541 2380 et
587 2350 701 2380 cum
745 2336 851 2380 istis
891 2339 943 2380 et
980 2349 1105 2390 rem,
1143 2339 1200 2380 ut
1237 2335 1444 2396 poteris,
1483 2332 1722 2395 expedias
1763 2338 1816 2378 et
1856 2330 1976 2377 mihi

485 2436 637 2484 quam
667 2422 882 2483 primum
913 2419 976 2466 de
1005 2420 1236 2468 omnibus
1265 2420 1413 2468 rebus
1442 2419 1698 2466 rescribas.
1774 2417 1910 2465 Vale.

550 2522 618 2552 ΧΗ
649 2506 760 2552 Kal.
791 2505 1029 2565 Quinctil.

481 2597 573 2653 403
