1988 3008
708 204 991 252 MARCUS
1035 205 1336 253 TULLIUS
1382 205 1635 254 CICERO

426 336 653 396 ingratus
674 350 783 380 esse
801 350 902 380 non
919 333 1026 380 vis?
1050 332 1080 349 ’'
1148 334 1309 381 Immo
1327 338 1489 382 minus
1508 334 1721 382 fortasse
1739 335 1917 383 voluis-

424 417 520 456 set.
589 409 689 457 Sed
711 410 775 457 de
798 409 892 457 hoc
915 410 1225 466 videbimus;
1269 427 1508 458 exeamus
1533 411 1697 459 modo.
1766 412 1915 470 Quod

426 494 484 532 ut
527 486 735 533 meliore
776 494 1010 550 tempore
1052 490 1317 550 possimus,
1360 487 1482 535 facit
1526 487 1750 535 Adriano
1793 491 1919 535 mari
1986 506 1988 534 l

427 562 710 620 Dolabella,
736 563 967 610 Fretensi
994 563 1160 611 Curio.

492 639 688 686 Iniecta
711 647 885 698 autem
906 639 1029 686 mihi
1051 657 1166 703 spes
1191 641 1441 703 quaedam
1465 648 1544 688 est
1567 641 1695 688 velle
1717 658 1914 688 mecum

427 714 534 762 Ser.
569 715 842 778 Sulpicium
876 717 1122 780 conloqui.
1190 717 1274 764 Ad
1298 734 1414 764 eum
1447 721 1559 764 misi
1594 717 1915 765 Philotimum

426 792 667 839 libertum
703 810 818 839 cum
856 793 1056 840 litteris.
1125 792 1176 840 Si
1213 797 1287 840 vir
1326 810 1435 841 esse
1472 794 1626 851 volet,
1662 794 1922 857 praeclara

427 870 635 926 συνοδία,
683 873 759 915 sin
829 877 1085 926 autem——,
1135 873 1322 916 erimus
1385 887 1492 926 nos,
1543 874 1627 934 qui
1685 870 1916 917 solemus.

428 945 578 992 Curio
616 962 815 992 mecum
853 949 996 1002 vixit,
1034 949 1200 993 iacere
1238 946 1508 993 Caesarem
1545 954 1729 1010 putans
1767 945 1919 994 offen-

427 1026 566 1068 sione
589 1022 818 1085 populari
840 1022 1139 1086 Siciliaeque
1162 1023 1409 1079 diffidens,
1431 1027 1471 1070 si
1495 1023 1761 1087 Pompeius
1785 1027 1920 1071 navi-

428 1116 551 1163 gare
571 1103 836 1162 coepisset.

493 1175 740 1234 Quintum
773 1193 988 1239 puerum
1022 1180 1193 1239 accepi
1228 1176 1573 1224 vehementer.
1641 1177 1920 1224 Avaritiam

430 1253 575 1300 video
601 1252 754 1300 fuisse
781 1261 834 1300 et
860 1270 1003 1316 spem
1028 1257 1197 1317 magni
1225 1257 1482 1316 congiarii.
1553 1253 1801 1317 Magnum
1827 1253 1920 1301 hoc

430 1330 618 1375 malum
646 1337 742 1386 est,
767 1330 858 1376 sed
883 1330 1042 1376 scelus
1070 1330 1209 1386 illud,
1237 1330 1371 1393 quod
1396 1333 1747 1386 timueramus,
1772 1347 1920 1393 spero

431 1406 623 1452 nullum
643 1406 812 1453 fuisse.
880 1407 990 1453 Hoc
1013 1414 1186 1453 autem
1207 1410 1385 1466 vitium
1406 1413 1531 1469 puto
1551 1414 1606 1454 te
1629 1410 1920 1454 existimare

431 1499 532 1529 non
568 1499 597 1529 a
632 1490 804 1530 nostra
839 1483 1172 1546 indulgentia,
1207 1483 1297 1529 sed
1334 1500 1363 1529 a
1398 1490 1582 1530 natura
1617 1483 1917 1546 profectum.

433 1559 598 1617 Quem
622 1567 796 1606 tamen
821 1576 908 1606 nos
935 1560 1196 1622 disciplina
1219 1576 1469 1623 regemus.

498 1636 578 1682 De
618 1635 794 1699 Oppiis
834 1636 1149 1683 Veliensibus
1191 1637 1311 1699 quid
1348 1636 1566 1698 placeat,
1604 1653 1718 1682 cum
1758 1635 1919 1683 Philo—

431 1717 557 1759 timo
584 1712 789 1759 videbis.
858 1712 1069 1775 Epirum
1097 1720 1322 1759 nostram
1348 1713 1658 1776 putabimus,
1683 1713 1773 1760 sed
1800 1713 1919 1760 alios

432 1805 604 1835 cursus
631 1789 924 1836 videbamur
947 1788 1186 1837 habituri.

1114 2026 1239 2072 VIII

925 2139 1098 2169 CICERO
1121 2139 1294 2168 ATTICO
1318 2138 1414 2169 SAL.

85 2224 181 2270 Ser.
207 2223 250 2269 in
501 2220 568 2266 Et
610 2237 687 2267 res
730 2223 838 2283 ipsa
880 2221 1137 2275 monebat,
1181 2227 1234 2266 et
1275 2227 1333 2266 tu
1375 2218 1689 2276 ostenderas,
1732 2226 1785 2266 et
1828 2236 1922 2283 ego
1975 2274 1977 2276 ,

89 2290 293 2338 Cumano
325 2288 369 2336 V
367 2287 396 2333 Ῑ
437 2297 670 2343 videbam
715 2297 780 2344 de
824 2300 882 2343 iis
927 2296 1095 2352 rebus,
1142 2312 1264 2359 quas
1311 2298 1542 2358 intercipi
1589 2295 1923 2358 periculosum
1974 2292 1976 2294 ’

87 2356 138 2403 N
138 2373 210 2442 ⁰2²
237 2355 359 2401 Μαι·
438 2380 590 2429 esset,
632 2373 783 2419 finem
826 2376 959 2420 inter
994 2389 1081 2419 nos
1124 2371 1375 2419 scribendi
1411 2371 1518 2418 fieri
1560 2378 1761 2435 tempus
1798 2387 1923 2419 esse.
1967 2364 1973 2425 s

87 2441 130 2470 a·
158 2424 248 2473 ‘05
438 2449 556 2505 Sed,
582 2466 696 2496 cum
725 2449 790 2495 ad
818 2466 899 2496 me
928 2465 1080 2511 saepe
1109 2464 1223 2495 mea
1250 2448 1412 2494 Tullia
1439 2448 1626 2494 scribat
1655 2464 1820 2504 orans,
1849 2455 1923 2504 ut,

438 2526 559 2589 quid
605 2530 655 2572 in
703 2526 944 2589 Hispania
990 2532 1218 2590 geratur,
1266 2532 1578 2588 exspectem,
1626 2532 1678 2572 et
1724 2540 1924 2588 semper

439 2617 528 2675 298

1970 2927 1981 2942 μς
1959 2693 1988 2923 ,χημ--ΙῙΙἙχ-*ζῇᾏψψςεχτ
1970 2673 1979 2680 :
1978 2663 1980 2665 .
