1988 3008
55 1544 151 1591 Ser.
175 1545 222 1592 in

55 1611 300 1659 Formiano

63 1677 162 1725 VII
180 1678 241 1725 K.

56 1744 168 1808 Apr.
197 1762 239 1791 α.
268 1746 360 1795 705

687 157 970 205 MARCUS
1013 157 1316 205 TULLIUS
1361 157 1613 206 CICERO

404 291 575 351 copiis,
593 303 716 351 quas
733 285 930 343 habuit,
945 285 1232 350 profectum
1249 302 1358 333 esse
1376 301 1388 341 ;
1406 286 1675 334 Caesarem
1689 293 1893 350 postero

405 362 487 408 die
531 365 582 407 in
627 361 868 424 oppidum
911 363 1161 417 introisse,
1206 364 1556 408 contionatum
1602 377 1731 418 esse,
1773 360 1892 408 inde

405 435 618 481 Romam
643 435 980 491 contendisse,
1007 434 1134 481 velle
1162 442 1282 482 ante
1314 435 1375 481 K.
1406 451 1515 482 esse
1543 434 1608 482 ad
1633 436 1812 483 urbem
1838 442 1892 482 et

405 509 641 572 pauculos
684 509 791 555 dies
832 509 901 555 ibi
943 512 1257 564 commorari,
1300 509 1487 556 deinde
1529 512 1581 555 in
1623 509 1892 572 Hispanias

404 582 662 646 proficisci.
732 582 887 629 Nobis
925 599 1027 629 non
1064 582 1284 630 alienum
1322 586 1484 630 visum
1522 590 1618 640 est,
1656 585 1892 647 quoniam

404 657 468 703 de
509 656 731 703 adventu
771 656 998 703 Caesaris
1036 673 1127 720 pro
1165 664 1305 703 certo
1343 656 1674 713 habebamus,
1711 673 1892 720 pueros

404 738 518 777 tuos
549 730 613 776 ad
642 737 696 777 te
725 733 1007 787 remittere,
1037 738 1095 778 ut
1124 730 1177 778 id
1205 737 1264 778 tu
1295 747 1450 794 quam
1479 734 1697 795 primum
1726 734 1874 778 scires

407 803 657 851 Mandata
694 811 785 850 tua
823 805 966 850 nobis
1005 821 1154 851 curae
1195 812 1331 861 sunt,
1371 821 1554 869 eaque,
1593 812 1651 852 ut
1689 812 1892 868 tempus

404 877 689 941 postularit,
716 894 940 941 agemus.
1008 878 1277 925 Trebatius
1303 878 1477 925 sedulo
1503 878 1643 936 facit,
1668 886 1727 926 ut
1753 886 1894 926 ante·

404 951 570 998 cedat.

468 1024 700 1088 Epistula
725 1027 1008 1087 conscripta
1033 1028 1326 1072 nuntiatum
1353 1032 1432 1072 est
1457 1026 1599 1072 nobis
1626 1025 1894 1074 Caesarem

406 1116 448 1145 a.
488 1100 534 1145 d.
567 1114 660 1144 vm
696 1098 757 1144 K.
792 1098 950 1161 April.
988 1098 1268 1146 Beneventi
1306 1116 1615 1154 mansurum,
1652 1116 1695 1146 a.
1735 1100 1782 1146 d.
1823 1115 1893 1146 vn

405 1172 627 1236 Capuae,
648 1188 691 1218 a.
714 1171 762 1219 d.
785 1187 835 1218 vl
856 1170 1137 1219 Sinuessae.
1207 1172 1318 1219 Hoc
1337 1189 1427 1236 pro
1446 1179 1586 1220 certo
1604 1171 1893 1237 putamus.’'

1089 1345 1209 1392 XVI

890 1457 1064 1488 CICERO
1099 1457 1274 1488 ATTICO
1308 1457 1406 1489 SAL.

471 1539 615 1595 Cum,
640 1539 775 1602 quod
799 1541 1069 1586 scriberem
1094 1539 1159 1586 ad
1181 1547 1253 1596 te,
1277 1539 1398 1586 nihil
1422 1539 1680 1596 haberem,
1703 1547 1894 1597 tamen,

407 1631 470 1660 ne
488 1630 641 1676 quem
657 1614 792 1660 diem
808 1616 1221 1669 intermitterem,
1237 1613 1327 1660 has
1344 1613 1462 1660 dedi
1478 1614 1689 1662 litteras.
1760 1617 1822 1662 A.
1840 1614 1888 1661 d.

407 1704 456 1734 vl
477 1688 538 1734 K.
557 1687 824 1734 Caesarem
840 1686 1105 1734 Sinuessae
1121 1704 1411 1734 mansurum
1428 1689 1745 1736 nuntiabant.
1813 1689 1895 1736 Ab

409 1779 468 1808 eo
490 1761 611 1809 mihi
631 1761 834 1808 litterae
857 1761 1087 1808 redditae
1110 1769 1228 1809 sunt
1251 1779 1294 1808 a.
1319 1762 1366 1809 d.
1391 1778 1462 1808 vn
1489 1763 1571 1819 K.,
1593 1764 1774 1826 quibus
1795 1766 1895 1810 iam

409 1836 435 1852 ‘⁴
460 1853 580 1899 opes
605 1835 632 1851 '’
662 1852 819 1892 meas,
848 1852 948 1882 non
978 1843 1035 1882 ut
1064 1837 1401 1899 superioribus
1429 1836 1612 1883 litteris
1641 1836 1668 1853 “
1693 1853 1843 1901 opem
1864 1835 1894 1852 ”

408 1917 688 1973 exspectat.
758 1909 886 1956 Cum
906 1913 1012 1956 eius
1031 1910 1356 1957 clementiam
1376 1910 1735 1958 Corfiniensem
1753 1909 1889 1957 illam

408 2001 497 2047 per
518 1984 715 2031 litteras
737 1984 1167 2041 collaudavissem,
1189 1988 1444 2048 rescripsit
1466 1984 1559 2032 hoc
1583 1983 1844 2048 exemplo:

623 2080 858 2127 “CAESAR
894 2097 1000 2128 IMP.
1037 2097 1268 2128 mcmzom
1304 2097 1410 2128 IMP.
1447 2097 1545 2129 SAL.
1582 2098 1679 2129 me.

469 2178 630 2225 Recte
667 2181 926 2242 auguraris
961 2179 1025 2225 de
1060 2196 1142 2226 me
1179 2179 1330 2242 (bene
1367 2182 1503 2226 enim
1538 2180 1630 2225 tibi
1665 2182 1895 2243 cognitus

407 2254 537 2314 sum)
570 2251 690 2298 nihil
723 2269 752 2298 a
782 2269 864 2299 me
897 2253 1074 2300 abesse
1107 2252 1302 2317 longius
1333 2252 1652 2300 crudelitate.
1723 2254 1895 2316 Atque

408 2343 503 2389 ego
533 2343 647 2372 cum
679 2343 742 2372 ex
772 2329 881 2389 ipsa
909 2343 963 2373 re
994 2343 1233 2391 magnam
1264 2330 1408 2390 capio
1439 2327 1753 2390 voluptatem
1784 2334 1895 2374 tum

407 2416 577 2446 meum
594 2399 784 2446 factum
802 2401 999 2462 probari
1019 2402 1107 2447 abs
1123 2408 1177 2448 te
1193 2400 1452 2464 triumpho
1469 2400 1667 2464 gaudiO.
1716 2400 1894 2464 Neque

414 2473 535 2519 illud
577 2490 658 2519 me
703 2481 890 2530 movet,
934 2474 1069 2537 quod
1110 2477 1162 2530 ii,
1206 2478 1289 2538 qui
1334 2492 1363 2520 a
1405 2491 1486 2521 me
1530 2474 1715 2521 dimissi
1761 2481 1894 2529 sunt,

409 2563 497 2607 260
