1988 3008
54 1284 150 1332 Sor.
173 1284 221 1332 in

52 1352 299 1399 Formiano

61 1418 133 1466 VI
150 1417 212 1465 K.

55 1485 167 1549 Apr-
196 1502 238 1531 a.
267 1486 359 1535 705

687 171 969 219 MARCUS
1013 169 1313 218 TULLIUS
1359 169 1610 217 CICERO

404 301 687 349 discessisse
714 301 966 355 dicuntur,
992 306 1049 346 ut
1074 298 1195 345 mihi
1222 315 1388 345 rursus
1413 298 1602 344 bellum
1626 297 1887 344 inferrent.

405 381 541 428 Nihil
562 384 696 428 enim
717 380 849 427 malo
871 397 1022 443 quam
1045 386 1098 426 et
1118 395 1200 426 me
1221 381 1321 425 mei
1343 378 1556 425 similem
1578 394 1687 425 esse
1709 385 1763 425 et
1781 378 1889 424 illos

405 465 494 508 sui.
562 461 637 507 Tu
677 460 824 508 velim
862 459 980 506 mihi
1021 459 1085 506 ad
1122 460 1299 506 urbem
1336 466 1539 522 praesto
1576 455 1659 515 sis,
1697 465 1754 505 ut
1790 460 1891 505 tuis

405 541 618 588 consiliis
644 548 799 604 atque
827 541 1022 603 opibus,
1047 547 1106 586 ut
1130 542 1383 596 consuevi,
1408 542 1460 585 in
1485 539 1715 586 omnibus
1739 539 1890 585 rebus

405 629 532 669 utar.
603 620 867 667 Dolabella
895 627 986 667 tuo
1015 619 1137 667 nihil
1166 622 1292 667 scito
1321 618 1441 666 mihi
1473 635 1581 666 esse
1611 618 1889 666 iucundius.

404 702 549 748 Hanc
584 701 711 748 adeo
744 700 944 747 habebo
977 703 1195 764 gratiam
1226 699 1325 755 illi3
1376 716 1543 763 neque
1578 703 1712 746 enim
1746 698 1893 746 aliter

403 782 568 828 facere
587 784 790 844 poterit.
860 780 1025 827 Tanta
1044 783 1150 827 eius
1167 779 1473 837 humanitas,
1490 782 1532 828 is
1550 796 1742 838 sensus,
1762 795 1823 827 ea
1840 782 1892 826 in

402 879 483 909 me
508 869 586 909 est
606 859 1014 909 benevolentia.’'

1073 1086 1222 1133 XVII

889 1200 1063 1230 CICERO
1099 1199 1271 1229 ATTICO
1306 1198 1403 1229 SAL.

468 1282 763 1328 Trebatium
794 1297 845 1327 Vl
882 1281 1013 1337 Kal.,
1046 1297 1146 1344 quo
1178 1280 1259 1327 die
1292 1280 1380 1326 has
1415 1279 1608 1326 litteras
1641 1278 1775 1335 dedi,
1808 1295 1892 1326 ex·

406 1364 714 1426 spectabam.
784 1362 862 1408 Ex
890 1364 996 1408 eius
1015 1363 1194 1407 nuntio
1216 1360 1449 1423 Matique
1475 1360 1656 1406 litteris
1681 1359 1893 1406 medita-

406 1445 512 1499 bor,
537 1460 636 1506 quo
659 1442 809 1489 modo
832 1459 947 1488 cum
967 1441 1051 1487 illo
1075 1441 1263 1504 loquar.
1333 1440 1378 1487 O
1401 1448 1604 1503 tempus
1627 1439 1890 1486 miserum!

408 1524 513 1570 Nec
538 1524 733 1580 dubito,
758 1526 879 1586 quin
903 1539 933 1568 a
955 1538 1037 1568 me
1061 1521 1356 1576 contendat,
1381 1521 1446 1567 ad
1469 1521 1648 1567 urbem
1671 1523 1885 1567 veniam.

404 1605 649 1652 Senatum
680 1607 815 1651 enim
849 1602 1089 1649 Kalendis
1121 1601 1247 1648 velle
1279 1618 1332 1648 se
1362 1600 1686 1664 frequentem
1716 1600 1892 1647 adesse

404 1689 561 1732 etiam
598 1685 807 1731 Formiis
843 1684 1082 1747 proscribi
1120 1685 1277 1729 iussit.
1347 1682 1483 1745 Ergo
1519 1685 1563 1728 ei
1602 1681 1890 1746 negandum

404 1767 516 1813 est?
585 1764 685 1812 Sed
710 1765 832 1829 quid
856 1764 1140 1828 praeripio?
1208 1761 1393 1810 Statim
1419 1762 1484 1809 ad
1508 1769 1562 1809 te
1588 1762 1892 1825 perscribam

404 1851 585 1894 omnia.
656 1846 733 1892 Ex
756 1845 886 1892 illius
910 1860 1141 1891 sermone
1165 1850 1407 1899 statuam,
1431 1843 1747 1906 Arpinumne
1771 1840 1889 1888 mihi

404 1928 626 1975 eundum
657 1929 722 1973 sit
754 1943 817 1972 an
849 1942 948 1990 quo
980 1924 1090 1971 alio.
1159 1923 1284 1970 Volo
1316 1923 1542 1970 Ciceroni
1573 1939 1688 1969 meo
1718 1931 1891 1987 togam

404 2025 580 2072 puram
622 2007 761 2063 dare,
801 2009 914 2053 istic
956 2012 1094 2069 puto.
1163 2005 1256 2061 Tu,
1299 2021 1504 2068 quaeso,
1546 2006 1730 2067 cogita,
1773 2002 1893 2067 quid

404 2089 602 2135 deinde.
674 2088 804 2134 Nam
819 2103 901 2133 me
916 2085 1159 2133 hebetem
1173 2084 1435 2132 molestiae
1451 2084 1797 2131 reddiderunt.
1845 2084 1890 2130 A

405 2169 554 2215 Curio
575 2168 725 2215 velim
745 2171 870 2214 scire
893 2166 1076 2230 ecquid
1097 2166 1162 2213 ad
1182 2173 1235 2212 te
1257 2167 1501 2228 scriptum
1523 2167 1588 2211 sit
1608 2163 1672 2211 de
1692 2164 1889 2211 Tirone.

405 2250 487 2296 Ad
502 2266 584 2296 me
603 2251 737 2295 enim
754 2251 861 2311 ipse
877 2247 993 2294 Tiro
1009 2249 1082 2293 ita
1099 2248 1314 2310 scripsit,
1332 2252 1389 2292 ut
1405 2261 1598 2301 verear,
1615 2244 1737 2308 quid
1754 2251 1888 2308 agat.

405 2331 504 2388 Qui
537 2336 710 2376 autem
742 2331 952 2375 veniunt
987 2327 1123 2383 inde,
1155 2326 1396 2388 κινδυνώδη
1438 2327 1691 2372 nuntiant.
1760 2323 1891 2371 Sane

403 2414 453 2457 in
487 2413 683 2473 magnis
717 2412 846 2455 curis
882 2411 1037 2454 etiam
1072 2406 1198 2454 haec
1232 2422 1314 2453 me
1349 2405 1635 2452 sollicitant.
1704 2405 1764 2452 In
1797 2403 1892 2451 hac

403 2494 538 2537 enim
560 2489 764 2536 fortuna
784 2488 1014 2553 perutilis
1038 2490 1144 2535 eius
1168 2494 1221 2534 et
1243 2503 1397 2551 opera
1421 2493 1474 2533 et
1497 2485 1713 2532 fidelitas
1737 2491 1888 2532 esset.

405 2579 490 2624 262
