1988 3008
735 219 1018 267 MARCUS
1062 217 1364 266 TULLIUS
1409 218 1663 266 CICERO

449 365 616 413 neque
646 365 747 396 non
774 355 967 404 tamen,
998 347 1146 411 quale
1177 354 1331 404 esset,
1362 346 1497 410 quod
1525 350 1794 410 cogitares,
1824 363 1941 410 ape·

446 429 609 482 ruisti,
642 425 730 472 has
766 424 831 472 ad
863 432 918 472 te
951 424 1063 471 ilico
1095 424 1293 471 litteras
1326 427 1516 487 scripsi.
1585 423 1684 471 Per
1714 422 1941 471 fortunas

448 510 581 559 tuas,
614 502 807 558 Cicero,
839 518 932 564 per
961 501 1145 548 liberos
1177 508 1231 548 te
1263 517 1351 547 oro
1384 508 1438 548 et
1468 501 1695 557 obsecro,
1725 517 1790 547 ne
1822 500 1942 564 quid

447 583 648 643 gravius
672 579 735 626 de
757 578 921 625 salute
944 585 998 625 et
1019 577 1368 624 incolumitate
1389 584 1480 624 tua
1500 577 1742 624 consulas.
1811 577 1942 624 Nam

449 655 571 703 deos
595 655 926 718 hominesque
951 658 1326 717 amicitiamque
1351 661 1576 701 nostram
1593 654 1836 701 testificor
1858 670 1942 702 me

449 733 543 780 tibi
578 732 890 795 praedixisse
926 747 1092 794 neque
1126 738 1325 778 temere
1360 734 1630 787 monuisse,
1664 731 1772 787 sed,
1806 739 1939 793 post-

450 826 604 872 quam
617 809 885 856 Caesarem
894 811 1215 855 convenerim
1227 810 1637 871 sententiamque
1650 811 1774 864 eius,
1784 808 1940 871 qualis

447 886 620 934 futura
656 893 792 933 esset
826 892 976 948 parta
1011 887 1237 941 victoria,
1273 887 1548 948 cognorim,
1584 891 1639 931 te
1674 888 1942 932 certiorem

448 962 643 1010 fecisse.
711 961 761 1008 Si
787 965 1045 1009 existimas
1071 961 1287 1008 eandem
1309 964 1560 1008 rationem
1582 960 1691 1008 fore
1715 961 1942 1009 Caesaris

448 1043 500 1086 in
533 1039 847 1087 dimittendis
882 1039 1178 1086 adversariis
1213 1045 1267 1085 et
1300 1038 1671 1085 condicionibus
1703 1037 1943 1097 ferendis,

449 1134 586 1164 erras
604 1132 616 1172 3
659 1115 782 1163 nihil
803 1119 898 1162 nisi
919 1122 1066 1162 atrox
1090 1123 1144 1162 et
1165 1131 1372 1162 saevum
1393 1118 1586 1178 cogitat
1609 1122 1764 1179 atque
1787 1119 1943 1163 etiam

448 1195 700 1258 loquitur;
758 1197 918 1240 iratus
959 1195 1160 1240 senatui
1202 1195 1345 1249 exiit,
1386 1191 1461 1239 his
1503 1194 1942 1242 intercessionibus

450 1272 600 1335 plane
628 1273 865 1318 incitatus
886 1277 991 1325 est3
1021 1286 1122 1316 non
1149 1268 1463 1316 mehercules
1483 1272 1581 1316 erit
1600 1269 1940 1332 deprecationi

450 1349 600 1395 locus.
669 1347 857 1406 Quare,
881 1350 923 1393 si
947 1347 1041 1393 tibi
1066 1353 1143 1402 tu,
1168 1349 1210 1392 si
1237 1346 1362 1392 filius
1390 1349 1582 1402 unicus,
1607 1349 1648 1392 si
1673 1346 1868 1403 domus,
1893 1350 1934 1394 si

449 1442 563 1488 spes
589 1432 710 1471 tuae
735 1423 961 1487 reliquae
986 1423 1081 1470 tibi
1106 1439 1253 1469 carae
1279 1430 1415 1478 sunt,
1441 1426 1482 1469 si
1508 1422 1698 1486 aliquid
1724 1423 1860 1486 apud
1883 1430 1938 1472 te

450 1519 557 1558 nos,
596 1505 637 1548 si
679 1504 754 1547 vir
795 1503 1033 1564 optimus,
1073 1516 1234 1563 gener
1273 1507 1409 1556 tuus,
1450 1499 1690 1556 valemus,
1730 1517 1943 1564 quorum

449 1579 706 1627 fortunam
723 1594 823 1625 non
838 1577 994 1624 debes
1003 1576 1132 1624 velle
1140 1577 1460 1632 conturbare,
1470 1576 1569 1622 noli
1580 1575 1942 1634 committere,1

451 1663 508 1703 ut
548 1672 662 1702 eam
698 1671 919 1710 causam,
957 1657 1009 1700 in
1046 1657 1184 1701 cuius
1223 1657 1432 1700 victoria
1468 1653 1598 1700 salus
1637 1661 1810 1701 nostra
1847 1662 1942 1712 est,

450 1733 614 1780 odisse
650 1739 739 1779 aut
773 1731 1061 1794 relinquere
1095 1747 1353 1794 cogamur,
1389 1737 1477 1777 aut
1512 1733 1719 1793 impiam
1753 1730 1942 1794 cupidi·-

449 1817 614 1857 tatem
661 1815 838 1855 contra
886 1807 1103 1854 salutem
1151 1814 1296 1854 tuam
1343 1805 1637 1853 habeamus.
1706 1807 1942 1870 Denique

450 1885 573 1933 illud
604 1888 791 1949 cogita,
816 1884 951 1948 quod
975 1883 1195 1931 offensae
1220 1883 1377 1930 fuerit
1401 1886 1453 1929 in
1485 1886 1584 1930 ista
1601 1886 1942 1942 cunctatione,

450 1969 505 2009 te
521 1963 728 2009 subisse.
790 1960 935 2007 Nunc
950 1967 1004 2008 te
1020 1967 1196 2007 contra
1211 1964 1456 2007 victorem
1472 1959 1742 2007 Caesarem
1756 1959 1941 2017 facere,

453 2056 606 2103 quem
629 2038 792 2086 dubiis
815 2038 964 2085 rebus
989 2037 1193 2084 laedere
1217 2037 1438 2092 noluisti,
1463 2043 1517 2083 et
1541 2036 1606 2083 ad
1631 2053 1714 2084 eos
1739 2036 1940 2101 fugatos

451 2115 711 2171 accedere,
754 2131 876 2178 quos
918 2117 1213 2161 resistentes
1255 2117 1397 2176 sequi
1439 2112 1676 2169 nolueris,
1716 2130 1941 2163 summae

451 2191 700 2239 stultitiae
731 2198 824 2238 est.
894 2190 1040 2246 Vide,
1070 2207 1152 2247 ne,
1182 2190 1303 2237 dum
1333 2190 1493 2253 pudet
1522 2197 1577 2236 te
1605 2206 1785 2253 parum
1814 2194 1943 2254 opti·

453 2275 644 2315 matem
687 2284 814 2324 esse,
856 2284 1035 2330 parum
1077 2266 1367 2330 diligenter,
1409 2266 1531 2329 quid
1571 2269 1819 2329 optimum
1858 2270 1942 2324 sit,

453 2345 624 2408 eligas.
693 2344 841 2403 Quod
869 2347 908 2390 si
938 2351 1106 2390 totum
1135 2344 1227 2390 tibi
1258 2343 1566 2406 persuadere
1595 2359 1694 2390 non
1723 2359 1941 2406 possum,

452 2422 651 2477 saltem,
703 2421 840 2476 dum,
894 2420 1013 2483 quid
1065 2420 1128 2466 de
1183 2420 1435 2482 Hispaniis
1488 2436 1714 2483 agamus,
1768 2423 1940 2476 scitur,

753 2539 768 2564 ¹
795 2539 884 2581 noli
903 2540 1174 2580 committere
1192 2538 1324 2580 added
1343 2539 1394 2590 by
1415 2538 1645 2579 Lehmann.

454 2619 543 2676 316
