1988 3008
668 177 952 224 MARCUS
995 176 1297 224 TULLIUS
1343 177 1593 225 CICERO

388 307 558 354 audet.
627 306 832 353 Nullum
861 305 1007 352 video
1037 305 1190 352 finem
1218 304 1351 351 mali.
1421 305 1566 352 Nunc
1595 313 1733 354 certe
1762 323 1873 370 pro-

387 394 573 440 menda
594 394 688 439 tibi
711 399 829 439 sunt
850 392 1068 439 consilia.
1138 392 1249 439 Hoc
1271 391 1439 439 fuerat
1462 399 1762 440 extremum.

454 480 546 526 Illa
571 487 746 526 tamen
771 481 1013 529 κατακλεὶς
1038 478 1168 525 illius
1201 485 1280 525 est
1316 479 1504 535 odiosa,
1533 496 1686 542 quam
1711 496 1874 543 paene

388 569 643 631 praeterii,
674 569 713 612 si
745 566 837 612 sibi
867 565 1080 612 consiliis
1104 568 1286 612 nostris
1317 570 1391 612 uti
1422 552 1523 612 non
1546 566 1738 622 liceret,
1762 583 1875 613 usu-

389 672 517 710 rum,
540 670 753 716 quorum
775 659 966 715 posset,
989 652 1054 698 ad
1076 655 1345 715 omniaque
1370 669 1478 699 esse
1502 652 1874 700 descensurum.

391 741 419 757 ‘⁴
438 741 621 787 Vidisti
656 742 811 803 igitur
847 741 1025 795 virum,
1061 745 1120 785 ut
1155 739 1457 802 scripseras?
1497 740 1822 804 ingemuisti?

49 2125 147 2174 Scr.
171 2125 337 2190 Arpi-ni

46 2193 168 2257 prid.
192 2193 253 2239 K.

52 2259 166 2324 Apr.
192 2276 236 2306 a.
264 2260 356 2310 705

391 828 557 875 Certe.
628 825 655 842 “
681 826 818 873 Cedo
852 824 1096 889 reliqua.”
1164 825 1334 883 Quid?
1402 825 1653 873 Continuo
1686 829 1792 889 ipse
1827 829 1886 872 inv

391 914 670 970 Pedanum,
714 930 810 977 ego
852 913 1116 976 Arpinum.
1188 912 1314 959 Inde
1358 919 1600 975 exspecto
1643 912 1878 976 equidem

389 1006 692 1066 λαλαγεῦσαν
712 999 730 1029 1
775 999 912 1046 illam
962 1006 1119 1046 tuam.
1212 997 1239 1014 ‘⁶
1263 999 1340 1046 Tu
1397 998 1621 1055 malim‚'’
1666 1002 1880 1063 inquies,

394 1088 422 1105 ‘⁸
447 1096 617 1135 actum
641 1105 705 1134 ne
731 1085 903 1151 agas.''
971 1086 1143 1133 Etiam
1167 1085 1309 1133 illum
1332 1089 1516 1150 ipsum,
1541 1103 1694 1150 quem
1717 1089 1880 1150 sequi-

392 1193 520 1231 mur,
543 1175 704 1222 multa
726 1173 1031 1221 fefellerunt.

401 1327 408 1334 .
457 1263 558 1310 Sed
579 1279 674 1326 ego
694 1269 809 1309 tuas
828 1261 1025 1308 litteras
1047 1267 1302 1324 exspecto.
1372 1259 1507 1306 Nihil
1528 1267 1607 1308 est
1628 1262 1761 1307 enim
1781 1264 1892 1308 iam

394 1359 452 1399 ut
477 1357 629 1398 antea
653 1348 680 1364 ‘⁸
705 1349 997 1404 Videamus,
1020 1347 1114 1394 hoc
1138 1364 1374 1410 quorsum
1400 1346 1635 1394 evadat.''
1702 1347 1883 1395 Extre-

394 1455 534 1486 mum
559 1436 656 1483 fuit
682 1435 745 1483 de
771 1451 1042 1499 congressu
1067 1441 1267 1490 nostro3
1311 1451 1410 1497 quo
1437 1434 1643 1497 quidem
1668 1451 1769 1481 non
1794 1434 1882 1482 du-

395 1527 503 1573 bito
533 1527 654 1587 quin
683 1526 835 1569 istum
867 1521 1177 1569 offenderim.
1245 1521 1321 1567 Eo
1350 1523 1596 1568 maturius
1627 1521 1881 1585 agendum

398 1620 490 1659 est.
560 1611 758 1657 Amabo
780 1616 852 1664 te,
876 1608 1145 1672 epistulam
1167 1615 1220 1655 et
1243 1607 1511 1671 πολιτικήνέ
1580 1607 1738 1655 Valde
1771 1615 1885 1655 tuas

397 1699 592 1745 litteras
611 1713 743 1743 nunc
763 1703 1019 1759 exspecto.

1080 1928 1205 1993 xlx

884 2045 1058 2076 CICERO
1092 2045 1266 2075 ATTICO
1301 2043 1398 2075 SAL.

465 2130 575 2194 Ego
610 2145 725 2175 meo
762 2127 1006 2182 Ciceroni,
1043 2129 1280 2190 quoniam
1317 2125 1475 2171 Roma
1510 2141 1755 2180 caremus,
1795 2124 1882 2171 Ar-

404 2220 506 2280 pini
534 2218 850 2280 potissimum
877 2221 1051 2278 togam
1078 2229 1256 2276 puram
1284 2211 1419 2266 dedi,
1447 2211 1598 2274 idque
1626 2213 1888 2274 municipi-

403 2305 496 2351 bus
522 2305 704 2349 nostris
731 2301 827 2348 fuit
853 2308 1071 2364 gratum.
1142 2300 1249 2346 Etsi
1278 2314 1451 2345 omnes
1479 2304 1533 2345 et
1557 2297 1683 2353 illos,
1710 2304 1764 2343 et
1790 2313 1890 2359 qua

406 2393 504 2438 iter
537 2388 652 2445 feci,
686 2394 906 2435 maestos
942 2385 1270 2449 adflictosque
1305 2384 1420 2431 vidi.
1487 2383 1614 2430 Tam
1646 2386 1803 2430 tristis
1838 2389 1891 2430 et

670 2504 687 2528 ¹
715 2503 968 2557 λαλαγεῦσαν
987 2502 1170 2543 Rosius:
1203 2500 1549 2542 AAATEAPAN
1570 2498 1636 2540 M.

403 2583 492 2628 266
