1988 3008
45 592 142 639 Ser.
166 592 214 639 in

45 659 292 706 Formiano

47 725 177 772 XVI
195 725 256 772 K.

45 792 159 856 Apr.
187 809 231 839 a.
259 793 352 843 705

679 203 962 252 MARCUS
1006 204 1307 253 TULLIUS
1352 205 1604 256 CICERO

1105 373 1178 419 IX

883 496 1056 527 CICERO
1088 496 1262 528 ATTICO
1295 497 1393 529 SAL.

461 586 583 634 Tres
619 586 857 651 epistulas
891 595 1004 635 tuas
1039 591 1210 650 accepi
1242 589 1487 651 postridie
1522 589 1656 638 Idus.
1723 590 1884 639 Erant

399 670 572 710 autem
586 680 684 720 1111,
699 679 776 720 111,
788 664 950 726 pridie
966 664 1083 711 Idus
1099 664 1264 712 datae.
1335 665 1497 729 Igitur
1509 669 1884 730 antiquissimae

397 743 578 803 cuique
621 744 843 803 primum
886 741 1216 803 respondebo.
1284 741 1532 789 Adsentio
1575 743 1687 800 tibi,
1731 751 1789 791 ut
1831 747 1883 790 in

400 817 663 864 Formiano
705 820 1021 880 potissimum
1062 834 1360 876 commorer,
1401 823 1558 866 etiam
1598 820 1662 867 de
1702 836 1884 884 supero

398 897 543 950 mari,
560 894 967 957 temptaboque)
986 902 1044 941 ut
1063 902 1216 941 antea
1235 895 1300 942 ad
1316 902 1372 942 te
1389 899 1585 959 scripsi,
1604 913 1883 960 ecquonam

399 970 547 1017 modo
594 974 779 1034 possim
826 971 1086 1018 voluntate
1140 974 1244 1018 eius
1303 972 1491 1018 nullam
1534 976 1608 1020 rei
1653 973 1883 1036 publicae

400 1054 599 1110 partem
636 1051 907 1111 attingere.
977 1047 1126 1106 Quod
1161 1048 1352 1105 laudas,
1390 1052 1507 1112 quia
1543 1049 1764 1096 oblivisci
1800 1067 1882 1098 me

398 1127 572 1186 scripsi
595 1131 715 1171 ante
738 1123 875 1171 facta
898 1131 952 1170 et
975 1124 1162 1171 delicta
1184 1128 1343 1171 nostri
1366 1128 1530 1182 amici,
1554 1142 1648 1190 ego
1671 1142 1789 1173 vero
1811 1130 1884 1174 ita

400 1200 542 1247 facio.
613 1200 747 1259 Quin
791 1216 852 1247 ea
894 1204 1018 1263 ipsa,
1063 1217 1192 1264 quae
1236 1218 1265 1246 a
1306 1208 1362 1248 te
1403 1211 1883 1260 commemorantur,
1934 1266 1937 1269 Α

398 1294 540 1324 secus
580 1277 644 1323 ab
684 1294 744 1324 eo
781 1281 833 1323 in
871 1294 953 1324 me
991 1281 1156 1340 ipsum
1194 1277 1331 1324 facta
1370 1295 1480 1325 esse
1518 1295 1618 1326 non
1656 1283 1881 1328 memini.

400 1354 563 1401 Tanto
589 1354 699 1416 plus
727 1354 863 1416 apud
897 1371 980 1400 me
1006 1354 1175 1401 valere
1210 1355 1442 1401 beneficii
1476 1359 1697 1419 gratiam
1733 1372 1884 1419 quam

400 1433 610 1477 iniuriae
644 1430 869 1477 dolorem
903 1431 1028 1477 volo.
1098 1431 1357 1477 Faciamus
1391 1435 1565 1495 igitur,
1599 1439 1656 1479 ut
1690 1449 1883 1489 censes,

398 1507 790 1571 colligamusque
838 1523 940 1554 nos.
1010 1510 1284 1570 Σοφιστεύω
1327 1511 1479 1564 enim,
1514 1509 1660 1555 simul
1702 1516 1760 1556 ut
1799 1526 1882 1556 rus

399 1584 628 1640 decurro,
664 1591 819 1646 atque
855 1587 905 1629 in
943 1584 1157 1631 decursu
1195 1587 1346 1637 θέσεις
1380 1601 1518 1631 meas
1553 1589 1883 1633 commentari

400 1677 499 1706 non
533 1660 721 1707 desino.
790 1659 890 1707 Sed
922 1668 1040 1708 sunt
1074 1661 1324 1724 quaedam
1359 1677 1534 1708 earum
1566 1661 1883 1724 perdifficiles

400 1737 464 1783 ad
487 1737 823 1784 iudicandum.
894 1737 974 1784 De
997 1738 1325 1800 optimatibus
1355 1741 1422 1784 sit
1444 1754 1565 1784 sane
1588 1741 1678 1794 ita,
1701 1745 1758 1786 ut
1781 1741 1883 1794 vis3

399 1813 490 1860 sed
512 1817 642 1860 nosti
664 1813 786 1861 illud
810 1817 1057 1866 Διονύσιος
1082 1819 1128 1863 ἐν
1152 1815 1379 1880 Κορίνθῳ.

462 1889 615 1936 Titini
634 1890 759 1937 filius
779 1890 914 1953 apud
931 1890 1202 1937 Caesarem
1220 1898 1314 1938 est.
1383 1890 1532 1949 Quod
1549 1897 1723 1938 autem
1740 1895 1881 1955 quasi

399 1969 563 2013 vereri
596 1967 798 2023 videris,
832 1983 896 2013 ne
931 1966 1052 2013 mihi
1086 1975 1178 2014 tua
1211 1967 1416 2014 consilia
1449 1967 1766 2030 displiceant,
1800 1984 1882 2015 me

399 2060 516 2090 vero
555 2042 676 2089 nihil
716 2043 939 2090 delectat
979 2043 1114 2090 aliud
1153 2047 1246 2089 nisi
1285 2043 1546 2090 consilium
1586 2050 1639 2090 et
1677 2044 1883 2091 litterae

397 2127 533 2166 tuae.
602 2119 772 2178 Quare
805 2119 901 2176 fac,
933 2127 990 2166 ut
1023 2120 1265 2176 ostendis,
1297 2136 1362 2166 ne
1394 2119 1652 2166 destiteris
1687 2120 1752 2167 ad
1783 2137 1882 2176 me,

399 2196 634 2259 quicquid
651 2196 744 2242 tibi
762 2199 814 2242 in
832 2203 1058 2244 mentem
1077 2199 1291 2252 venerit,
1309 2196 1545 2243 scribere.
1616 2194 1744 2242 Mihi
1762 2195 1883 2244 nihil

398 2280 567 2335 potest
592 2289 700 2319 esse
723 2276 930 2336 gratius.

463 2349 619 2396 Venio
642 2349 706 2396 ad
728 2349 943 2396 alteram
964 2366 1095 2396 nunc
1119 2349 1401 2412 epistulam.
1471 2348 1631 2396 Recte
1653 2365 1753 2396 non
1773 2365 1881 2396 cre-

398 2426 472 2472 dis
509 2426 572 2472 de
608 2442 818 2472 numero
855 2426 1099 2480 militum3
1153 2429 1259 2488 ipso
1295 2425 1501 2472 dimidio
1538 2425 1646 2487 plus
1681 2429 1882 2488 scripsit

492 2525 507 2549 1
533 2525 847 2577 temptaboque
867 2525 1109 2577 Nipperdey
1128 2540 1141 2565 .·
1182 2524 1396 2577 plaboque
1419 2525 1470 2564 M
1489 2539 1502 2565 .·
1542 2524 1738 2576 perlabor
1759 2523 1799 2566 Ι.

399 2604 488 2648 216
