2014 3008
755 233 1039 282 MARCUS
1083 231 1386 281 TULLIUS
1431 222 1714 280 CICERO

475 372 527 411 et
563 371 653 410 tua
687 362 880 410 Tulliae
915 361 1022 409 fore
1058 369 1253 425 parata,
1290 368 1380 408 tua
1414 360 1583 417 credo,
1620 367 1792 407 nostra
1829 376 1959 424 quae
1994 327 2014 436 Ξ

473 451 713 508 poterunt
751 443 893 490 esse?
962 442 1042 489 De
1077 443 1318 489 Terentia
1353 448 1528 488 autem
1565 441 1736 503 (mitto
1772 448 1960 496 cetera,
1994 430 2014 506 ξ

471 541 602 587 quae
635 531 753 570 sunt
786 523 1190 586 innumerabilia)
1225 521 1347 586 quid
1380 521 1445 568 ad
1476 520 1571 568 hoc
1605 521 1721 568 addi
1756 521 1960 584 potest?
2000 509 2014 549 ’ἦ

471 603 766 667 Scripseras,
817 610 875 651 ut
926 602 1011 649 HS
1063 615 1136 646 ΧΠ
1189 608 1533 666 permutaret,
1600 608 1803 648 tantum
1853 544 2014 680 esse}

471 684 719 747 reliquum
755 683 819 730 de
858 690 1085 747 argento.
1157 681 1301 729 Misit
1335 682 1420 728 illa
1454 697 1588 728 ccmo
1627 680 1748 728 mihi
1788 688 1841 728 et
1877 681 1962 728 ad·
1993 735 1998 739 a

471 767 668 827 scripsit
732 770 937 810 tantum
1001 779 1109 810 esse
1173 762 1437 826 reliquum.
1507 760 1635 808 Cum
1698 760 1791 808 hoe
1854 768 1963 808 tam

471 862 681 908 parvum
736 844 800 891 de
856 860 1009 908 parvo
1066 843 1366 899 detraxerit,
1422 844 1680 906 perspicis,
1737 841 1858 906 quid
1912 844 1998 888 in
1996 862 2014 926 ²}

471 927 693 972 maxima
724 941 779 971 re
813 923 1009 971 fecerit.
1996 929 2014 980 ς

538 1004 835 1052 Philotimus
865 1021 966 1051 non
994 1004 1144 1051 modo
1174 1003 1336 1050 nullus
1366 1006 1523 1059 venit,
1553 1002 1642 1050 sed
1671 1018 1735 1050 ne
1764 1019 1856 1066 per
1883 1001 1964 1050 lit·
1995 981 2014 1066 ἒ

472 1093 607 1132 teias
647 1085 854 1148 quidem
894 1091 982 1132 aut
1020 1101 1111 1148 per
1149 1087 1384 1131 nuntium
1413 1087 1681 1130 certiorem
1711 1082 1833 1130 facit
1863 1099 1963 1140 me,

1999 1178 2014 1207 ἐ

474 1166 594 1229 quid
620 1168 799 1229 egerit.
869 1164 1071 1228 Epheso
1096 1167 1180 1228 qui
1205 1167 1432 1220 veniunt,
1457 1165 1525 1210 ibi
1551 1180 1605 1210 se
1632 1180 1750 1210 eum
1773 1163 1838 1210 de
1863 1165 1963 1210 suis

472 1248 821 1293 controversiis
846 1248 899 1292 in
923 1247 999 1292 ius
1025 1244 1302 1292 adeuntem
1326 1244 1509 1291 vidisse
1534 1246 1800 1299 nuntiant3
1834 1260 1964 1307 quae

473 1326 678 1389 quidem
701 1326 796 1388 (ita
818 1328 954 1372 enim
977 1328 1081 1372 veri
1103 1324 1263 1372 simile
1288 1325 1386 1387 est)
1410 1327 1462 1370 in
1485 1323 1763 1371 adventum
1785 1323 1964 1371 Caesa·
1993 1334 1999 1390 J

471 1411 537 1452 ris
553 1406 765 1453 fortasse
780 1409 1072 1452 reiciuntur.
1143 1405 1224 1452 Ita
1240 1412 1330 1451 aut
1344 1403 1467 1450 nihil
1484 1411 1610 1468 puto
1627 1420 1744 1451 eum
1759 1402 1964 1460 habere,
1994 1406 1998 1465 J

472 1486 607 1550 quod
627 1492 777 1550 putet
798 1486 863 1533 ad
884 1502 967 1534 me
987 1485 1198 1532 celerius
1218 1484 1596 1549 perferendum,
1622 1491 1711 1531 aut
1733 1484 1861 1531 adeo
1883 1500 1964 1531 me

472 1570 523 1613 in
554 1566 696 1613 malis
729 1582 839 1613 esse
871 1566 1188 1629 despectum,
1220 1572 1295 1622 ut,
1326 1567 1525 1612 etiamsi
1556 1564 1679 1628 quid
1709 1563 1883 1621 habet,
1913 1563 1965 1612 id
1996 1571 2000 1575 '

473 1651 564 1693 nisi
587 1648 818 1694 omnibus
839 1650 940 1693 suis
962 1649 1180 1710 negotiis
1200 1644 1445 1692 confectis
1466 1645 1531 1692 ad
1551 1661 1633 1691 me
1654 1643 1844 1691 referre
1865 1661 1964 1692 non

471 1734 629 1774 curet.
698 1727 776 1773 Ex
798 1743 898 1790 quo
919 1743 1162 1791 magnum
1184 1726 1421 1789 equidem
1441 1728 1584 1789 capio
1606 1723 1849 1781 dolorem,
1874 1724 1965 1771 sed

473 1824 571 1853 non
613 1814 832 1863 tantum,
874 1813 1122 1870 quantum
1164 1806 1334 1853 videor
1375 1805 1578 1852 debere.
1650 1803 1784 1851 Nihil
1828 1807 1964 1851 enim
1990 1790 1998 1796 „

473 1904 586 1933 mea
606 1891 769 1934 minus
788 1890 1032 1934 interesse
1051 1894 1194 1950 puto,
1215 1903 1366 1949 quam
1387 1885 1509 1949 quid
1526 1885 1660 1931 illine
1681 1884 1956 1932 adferatur.

476 1967 534 2013 Id
557 1985 710 2030 quam
732 1968 796 2014 ob
819 1983 944 2023 rem,
967 1974 1020 2013 te
1043 1966 1342 2030 intellegere
1364 1973 1504 2013 certo
1526 1968 1642 2012 scio.

538 2047 688 2105 Quod
719 2063 801 2094 me
834 2063 1009 2094 mones
1042 2047 1107 2094 de
1141 2046 1283 2093 vultu
1317 2053 1370 2093 et
1403 2049 1630 2093 oratione
1664 2045 1729 2092 ad
1761 2052 1962 2109 tempus
1992 2063 1995 2069 ·

474 2127 915 2183 accommodanda,
952 2130 1047 2174 etsi
1084 2126 1284 2173 difficile
1322 2133 1416 2182 est,
1452 2133 1628 2173 tamen
1662 2128 1963 2189 imperarem
1992 2158 1996 2159 ν

473 2207 611 2264 mihi,
654 2211 693 2253 si
735 2224 851 2254 mea
893 2210 1164 2271 quicquam
1206 2210 1450 2253 interesse
1492 2212 1744 2269 putarem.
1813 2204 1963 2264 Quod
1990 2210 2001 2234 ³'

473 2288 644 2334 scribis
680 2287 863 2334 litteris
897 2293 1078 2350 putare
1103 2294 1155 2333 te
1180 2286 1478 2332 Africanum
1501 2287 1764 2349 negotium
1787 2284 1958 2332 confici
1997 2284 2004 2319 ἶ

474 2383 636 2430 posse,
658 2366 838 2413 vellem
858 2368 1119 2422 scriberes,
1140 2383 1227 2413 cur
1246 2369 1320 2412 ita
1339 2373 1575 2429 putares;
1614 2363 1736 2412 mihi
1757 2364 1961 2428 quidem
2003 2371 2014 2404 1

474 2446 594 2492 nihil
628 2450 678 2492 in
712 2453 939 2493 mentem
973 2449 1128 2502 venit,
1165 2462 1319 2509 quare
1354 2446 1404 2492 id
1439 2453 1616 2508 putem
1651 2444 1758 2492 fieri
1791 2460 1951 2508 posse.
1996 2434 2001 2481 Ῐ

472 2526 548 2572 Tu
576 2534 749 2573 tamen
776 2526 941 2583 velim,
969 2530 1007 2573 si
1037 2526 1159 2590 quid
1187 2529 1300 2583 erit,
1329 2526 1462 2589 quod
1492 2524 1845 2572 consolationis
1875 2523 1960 2571 ali·
1999 2567 2005 2588 ᾗ

473 2649 563 2692 424
