2014 3008
71 935 168 983 Ser.
194 936 240 983 in

75 1002 280 1050 Cumano

73 1069 203 1117 XIV
222 1077 301 1116 aut

72 1135 210 1183 XIII
231 1135 290 1183 K.

71 1202 175 1250 Iun.
200 1220 244 1251 a.
269 1204 362 1254 705

709 216 993 264 MARCUS
1039 216 1342 264 TULLIUS
1389 216 1641 264 CICERO

426 344 574 391 velim
601 347 744 401 scire,
770 345 891 408 quid
915 347 1126 410 cogites,
1152 347 1203 391 in
1226 347 1519 410 primisque,
1546 348 1585 392 si
1613 345 1735 409 quid
1760 349 1921 393 etiam

426 442 558 471 nunc
582 428 691 471 novi
718 433 810 472 est.

488 520 590 551 xvn
621 505 681 551 K.
710 505 819 552 Iun.

1081 728 1257 784 XVIII

912 850 1086 880 CICERO
1128 850 1302 880 ATTICO
1337 842 1434 882 SAL}

488 930 650 977 Tullia
685 947 800 978 mea
835 935 1035 995 peperit
1070 947 1183 977 xlm
1222 931 1283 978 K.
1324 932 1432 978 Iun.
1470 947 1682 995 puerum
1721 936 1923 996 ἑπταμη-

424 1015 583 1060 νιαῖον.
667 1011 815 1070 Quod
854 1013 1118 1074 εὐτόκησεν,
1155 1011 1382 1076 gaudeo;
1422 1012 1556 1076 quod
1597 1013 1803 1075 quidem
1845 1019 1922 1060 est

427 1099 621 1149 natum,
653 1091 1053 1155 perimbecillum
1085 1099 1178 1138 est.
1251 1091 1340 1139 Me
1372 1091 1613 1139 mirificae
1643 1092 1923 1156 tranquilli-

427 1178 562 1219 tates
607 1171 770 1219 adhuc
814 1179 1095 1219 tenuerunt
1141 1179 1296 1236 atque
1340 1175 1514 1219 maiori
1557 1173 1923 1236 impedimento

429 1252 634 1299 fuerunt
663 1269 818 1316 quam
845 1252 1126 1309 custodiae,
1155 1254 1336 1316 quibus
1365 1253 1614 1300 adservor.
1684 1253 1814 1300 Nam
1840 1253 1923 1300 illa

429 1332 771 1380 Hortensiana
801 1335 969 1380 omnia
999 1332 1140 1380 fuere
1171 1332 1401 1380 infantia.
1474 1333 1555 1380 Ita
1585 1333 1688 1380 fiet.
1758 1333 1922 1381 Homo

358 1462 363 1467 ,
428 1416 764 1477 nequissimus
791 1430 820 1460 a
846 1412 1010 1460 Salvio
1038 1413 1219 1460 liberto
1245 1413 1550 1477 depravatus
1577 1421 1670 1461 est.
1742 1414 1922 1478 Itaque

427 1493 638 1557 posthac
675 1510 775 1540 non
812 1495 1027 1540 scribam
1064 1493 1129 1540 ad
1163 1500 1236 1550 te,
1271 1493 1394 1558 quid
1428 1493 1653 1541 facturus
1689 1497 1800 1550 sim,
1835 1494 1923 1542 sed

426 1573 546 1637 quid
616 1573 852 1629 fecerim3
921 1590 1094 1621 omnes
1162 1577 1297 1621 enim
1364 1578 1625 1638 Κωρυκαῖοι
1691 1574 1924 1622 videntur

427 1654 832 1710 subauscultare,
873 1671 1003 1718 quae
1048 1654 1235 1718 loquor.

489 1734 563 1780 Tu
596 1742 804 1791 -tamen,
841 1737 879 1781 si
919 1735 1039 1798 quid
1077 1735 1139 1781 de
1179 1734 1434 1798 Hispaniis
1473 1738 1575 1782 sive
1613 1735 1735 1799 quid
1771 1735 1922 1793 aliud,

426 1831 600 1878 perge,
623 1831 828 1878 quaeSO,
851 1816 1070 1862 scribere
1096 1832 1188 1862 nec
1212 1832 1350 1862 meas
1375 1816 1571 1862 litteras
1597 1819 1921 1879 exspectaris,

426 1898 516 1940 nisi
561 1911 695 1952 cum,
735 1912 834 1958 quo
875 1902 1014 1958 opto,
1054 1898 1449 1959 pervenerimus,
1490 1903 1579 1942 aut
1618 1898 1657 1942 si
1699 1896 1819 1959 quid
1859 1913 1920 1943 ex

424 1991 584 2021 cursu.
654 1974 754 2022 Sed
792 1974 885 2022 hoc
924 1992 1124 2038 quoque
1163 1975 1341 2022 timide
1381 1976 1558 2022 scribo.
1630 1975 1712 2022 Ita
1751 1980 1920 2023 omnia

425 2055 572 2101 tarda
600 2054 763 2102 adhuc
793 2063 847 2102 et
874 2059 1044 2119 spissa.
1117 2055 1190 2102 Ut
1217 2055 1347 2103 male
1377 2059 1632 2119 posuimus
1661 2058 1823 2112 initia,
1851 2059 1921 2103 sic

424 2142 597 2181 cetera
623 2143 918 2199 sequuntur.

490 2215 712 2262 Formias
734 2232 866 2262 nunc
885 2219 1171 2280 sequimur;
1197 2217 1377 2263 eodem
1396 2233 1486 2264 nos
1507 2216 1719 2264 fortasse
1740 2216 1920 2264 Furiae

424 2302 809 2359 persequentur.
862 2296 940 2342 Ex
957 2295 1099 2343 Balbi
1118 2304 1291 2344 autem
1309 2313 1557 2352 sermone,
1577 2313 1730 2360 quem
1749 2304 1919 2344 tecum

424 2374 618 2432 habuit,
655 2392 754 2422 non
790 2378 1079 2439 probamus,
1116 2377 1180 2423 de
1221 2376 1418 2423 Melita.
1490 2377 1709 2424 Dubitas
1746 2380 1919 2441 igitur,

424 2458 543 2518 quin
566 2472 653 2502 nos
673 2459 724 2501 in
746 2455 966 2503 hostium
988 2473 1198 2503 numero
1220 2455 1444 2503 habeat?
1480 2455 1663 2519 Scripsi
1685 2457 1921 2520 equidem

423 2535 579 2581 Balbo
613 2543 664 2582 te
700 2535 763 2582 ad
795 2552 876 2583 me
910 2543 961 2583 et
996 2536 1059 2584 de
1093 2536 1450 2584 benevolentia
1482 2539 1738 2601 scripsisse
1771 2543 1826 2584 et
1856 2536 1919 2584 de

421 2626 511 2684 348
