1988 3008
710 240 994 288 MARCUS
1038 238 1341 287 TULLIUS
1387 238 1638 286 CICERO

430 371 697 426 adducere,
724 372 974 415 exercitus
999 367 1244 414 conficere
1268 370 1529 413 maximos.
1600 366 1772 413 Genus
1797 365 1918 413 illud

430 438 615 484 Sullani
650 438 792 499 regni
824 438 924 481 iam
957 434 1154 498 pridem
1187 436 1446 496 appetitur
1478 432 1668 488 multis,
1701 435 1786 496 qui
1819 449 1919 479 una

432 511 566 559 sunt,
605 503 940 565 cupientibus.
1009 501 1091 547 An
1130 516 1306 546 censes
1346 499 1466 546 nihil
1507 502 1640 546 inter
1679 515 1764 546 eos
1803 515 1918 546 con-

390 586 393 588 “
431 573 619 625 venire,
674 569 862 614 nullam
918 570 1207 630 pactionem
1264 567 1370 613 fieri
1427 566 1684 628 potuisse?
1752 565 1918 612 Hodie

428 643 614 700 potest.
700 634 800 681 Sed
844 636 1011 680 neutri
1054 635 1231 683 σκοπὸς
1277 640 1354 679 est
1399 632 1500 688 ille,
1544 640 1602 679 ut
1647 648 1735 678 nos
1779 633 1917 678 beati

429 706 609 756 simus3
649 709 864 763 uterque
886 716 1098 764 regnare
1122 699 1243 746 vult.

495 769 637 814 Haec
656 784 685 813 a
703 775 756 814 te
775 771 1016 813 invitatus
1034 767 1256 812 breviter
1275 768 1498 828 exposui.
1551 764 1764 811 Voluisti
1784 767 1918 810 enim

430 852 531 891 me,
564 834 685 897 quid
717 834 780 880 de
827 833 903 879 his
949 832 1092 879 malis
1125 835 1385 887 sentirem,
1418 831 1702 878 ostendere.
1739 832 1918 891 Προθε-

427 903 577 962 σπίζω
612 903 784 964 igitur,
811 906 982 946 noster
1007 900 1201 955 Attice,
1227 915 1326 944 non
1353 897 1602 944 hariolans
1629 904 1687 944 ut
1712 897 1813 954 illa,
1839 900 1918 944 cui

428 984 577 1015 nemo
601 967 832 1021 credidit,
857 966 948 1012 sed
970 968 1259 1012 coniectura
1282 967 1616 1028 prospiciens:

781 1071 808 1088 “
834 1072 1045 1136 Iamque
1069 1075 1196 1118 mari
1217 1087 1404 1135 magno

429 1198 529 1228 non
556 1180 734 1237 multo,
762 1183 987 1243 inquam,
1015 1195 1157 1225 secus
1185 1194 1389 1242 possum
1416 1181 1692 1225 vaticinari.
1753 1178 1918 1226 Tanta

428 1248 673 1294 malorum
709 1246 974 1310 impendet
996 1245 1153 1296 Ἰλίας.
1212 1246 1386 1308 Atque
1410 1244 1503 1291 hoc
1527 1251 1699 1292 nostra
1722 1249 1918 1309 gravior

430 1322 508 1361 est
542 1330 711 1370 causa,
747 1316 831 1376 qui
867 1313 1001 1359 domi
1038 1328 1226 1368 sumus,
1262 1328 1414 1375 quam
1448 1311 1662 1368 illorum,
1697 1315 1781 1375 qui
1818 1329 1918 1359 una

427 1384 756 1436 transierunt,
788 1379 924 1442 quod
953 1378 1023 1424 illi
1055 1378 1262 1442 quidem
1294 1378 1510 1425 alterum
1540 1385 1796 1434 metuunt,
1828 1395 1916 1426 nos

429 1454 718 1509 utrumque.
751 1445 886 1492 “Cur
914 1444 1120 1509 igitur,'’
1149 1447 1331 1508 inquis,
1361 1444 1724 1492 “remansimus
1740 1444 1794 1491 ?’'
1824 1445 1916 1492 Vel

427 1515 521 1560 tibi
542 1516 798 1576 paruimus
818 1512 898 1558 vel
919 1528 1019 1558 non
1040 1514 1361 1567 occurrimus,
1382 1511 1461 1558 vel
1480 1510 1575 1558 hoc
1595 1510 1693 1558 fuit
1712 1514 1914 1559 rectius.

429 1579 738 1635 Conculcari,
757 1582 982 1641 inquam,
1001 1581 1236 1624 miseram
1258 1577 1457 1624 Italiam
1478 1577 1670 1624 videbis
1688 1581 1917 1641 proxima

429 1653 626 1692 aestate
662 1652 750 1691 aut
784 1648 1047 1708 utriusque
1081 1648 1133 1690 in
1166 1647 1427 1707 mancipiis
1461 1661 1525 1690 ex
1559 1648 1693 1691 omni
1727 1661 1915 1708 genere

426 1712 666 1767 collectis,
705 1728 799 1758 nec
839 1719 946 1758 tam
986 1714 1282 1774 proscriptio
1321 1711 1745 1774 pertimescenda,
1784 1727 1915 1774 quae

428 1779 670 1824 Luceriae
700 1778 871 1824 multis
901 1779 1213 1824 sermonibus
1243 1778 1546 1824 denuntiata
1575 1794 1685 1824 esse
1715 1778 1914 1834 dicitur,

427 1861 578 1907 quam
598 1847 858 1891 universae
877 1847 949 1890 rei
967 1861 1015 1906 p.
1036 1847 1286 1890 interitus.
1322 1845 1512 1890 Tantas
1530 1847 1581 1890 in
1598 1843 1914 1908 confligendo

426 1914 688 1974 utriusque
727 1914 855 1958 vires
893 1910 1040 1957 video
1078 1910 1288 1957 futuras.
1363 1910 1536 1957 Habes
1569 1914 1914 1958 coniecturam

425 1993 607 2023 meam.
671 1978 747 2023 Tu
779 1984 952 2023 autem
982 1977 1333 2023 consolationis
1365 1976 1577 2023 fortasse
1609 1977 1798 2040 aliquid
1828 1994 1912 2024 ex-

426 2046 685 2105 spectasti.
753 2043 886 2088 Nihil
920 2046 1136 2098 invenio,
1171 2043 1292 2089 nihil
1325 2043 1431 2090 fieri
1465 2051 1636 2107 potest
1668 2047 1912 2101 miserius,

423 2109 544 2155 nihil
566 2109 828 2172 perditius,
852 2108 974 2155 nihil
996 2109 1207 2173 foedius.

487 2175 637 2233 Quod
665 2179 881 2238 quaeriS‚
910 2176 1031 2238 quid
1060 2176 1244 2222 Caesar
1273 2176 1338 2222 ad
1365 2192 1446 2222 me
1476 2179 1749 2239 scripserit,
1777 2176 1910 2240 quod

424 2257 593 2304 saepe,
619 2245 960 2304 gratissimum
987 2243 1079 2288 sibi
1107 2259 1234 2298 esse,
1261 2242 1396 2305 quod
1423 2245 1654 2305 quierim,
1679 2250 1909 2306 oratque,

426 2310 476 2352 in
497 2324 557 2353 eo
577 2315 635 2354 ut
653 2324 988 2370 perseverem.
1042 2308 1226 2355 Balbus
1247 2311 1408 2355 minor
1426 2308 1552 2355 haec
1573 2309 1753 2356 eadem
1771 2326 1910 2356 man-

423 2373 558 2420 data.
627 2373 732 2419 Iter
764 2381 936 2420 autem
969 2377 1075 2420 eius
1108 2382 1218 2421 erat
1250 2375 1315 2421 ad
1348 2374 1622 2422 Lentulum
1652 2375 1906 2422 consulem

422 2456 535 2486 cum
580 2439 762 2486 litteris
806 2440 1032 2487 Caesaris
1075 2444 1513 2505 praemiorumque
1558 2445 1826 2505 promissis,
1869 2445 1906 2489 si

425 2656 508 2700 132
