1988 3008
692 230 975 279 MARCUS
1020 229 1322 278 TULLIUS
1368 229 1620 277 CICERO

411 361 652 408 mandata
667 360 784 407 dedi
799 359 1164 423 providendum
1182 374 1308 414 esse,
1324 374 1388 404 ne
1406 358 1537 404 duae
1552 357 1777 421 legiones
1794 359 1900 404 sine

412 427 683 474 Picentinis
703 426 990 473 cohortibus
1009 429 1062 471 in
1080 432 1408 488 conspectum
1427 424 1655 471 Caesaris
1673 427 1902 471 commit-

410 500 655 541 terentur.
712 493 879 551 Quam
897 493 962 539 ob
980 508 1089 538 rem
1107 491 1265 538 nolito
1284 493 1605 546 commoveri,
1623 493 1664 537 si
1684 490 1901 537 audieris

409 577 491 607 me
516 559 734 623 regredi,
758 562 798 606 si
823 558 955 605 forte
981 558 1166 605 Caesar
1191 557 1361 604 adme
1387 559 1586 612 veniet3
1619 556 1901 604 cavendum

411 629 546 673 enim
566 633 692 689 puto
714 641 842 681 esse,
863 641 928 672 ne
948 624 1236 688 implicatus
1257 623 1511 671 haeream.
1580 623 1712 669 Nam
1732 638 1899 685 neque

410 700 576 740 castra
597 699 805 755 propter
829 694 946 738 anni
969 698 1172 754 tempus
1197 697 1252 737 et
1274 690 1492 737 militum
1517 692 1709 736 animos
1732 688 1900 736 facere

410 776 630 823 possum,
654 775 821 821 neque
847 774 910 804 ex
935 759 1165 804 omnibus
1190 757 1386 820 oppidis
1409 755 1708 803 contrahere
1732 758 1900 819 copias

412 826 638 888 expedit,
661 842 726 871 ne
749 831 1014 887 receptum
1038 827 1287 870 amittam.
1356 823 1539 886 Itaque
1563 838 1664 869 non
1687 821 1902 885 amplius

411 908 524 938 xlm
565 891 797 938 cohortes
839 891 1104 937 Luceriam
1144 892 1304 953 coegi.
1373 888 1613 936 Consules
1652 888 1903 952 praesidia

412 961 579 1005 omnia
601 958 869 1005 deducturi
891 964 1009 1004 sunt
1032 964 1122 1003 aut
1142 959 1195 1002 in
1217 955 1436 1003 Siciliam
1456 959 1592 1003 ituri.
1661 955 1793 1001 Nam
1815 962 1904 1001 aut

413 1028 694 1071 exercitum
733 1024 931 1070 firmum
968 1023 1157 1070 habere
1196 1029 1417 1086 oportet,
1455 1039 1555 1085 quo
1592 1021 1901 1068 confidamus

413 1107 740 1154 perrumpere
771 1107 861 1137 nos
891 1107 1055 1154 posse,
1087 1097 1176 1136 aut
1206 1093 1437 1153 regiones
1469 1092 1576 1135 eius
1604 1087 1742 1135 modi
1772 1088 1902 1134 obti-

413 1174 552 1213 nere,
581 1174 609 1204 e
638 1159 818 1221 quibus
845 1171 1215 1220 repugnemus;
1248 1156 1301 1202 id
1328 1155 1465 1218 quod
1490 1161 1730 1202 neutrum
1756 1155 1900 1200 nobis

413 1225 506 1271 hoc
523 1232 752 1287 tempore
770 1227 1003 1287 contigit,
1022 1223 1157 1286 quod
1176 1230 1229 1269 et
1246 1238 1485 1286 magnam
1501 1228 1702 1285 partem
1722 1220 1902 1268 Italiae

414 1291 597 1337 Caesar
618 1294 900 1354 occupavit,
922 1297 976 1337 et
997 1306 1087 1336 nos
1107 1306 1209 1336 non
1228 1288 1474 1335 habemus
1496 1291 1777 1335 exercitum
1795 1293 1904 1334 tam

415 1357 639 1420 amplum
657 1373 823 1420 neque
843 1364 951 1403 tam
969 1373 1212 1420 magnum
1231 1372 1385 1418 quam
1403 1354 1502 1401 ille.
1559 1354 1741 1417 Itaque
1761 1353 1904 1400 nobis

415 1424 781 1487 providendum
813 1431 909 1479 est,
936 1430 995 1469 ut
1022 1438 1271 1469 summam
1296 1425 1370 1468 rei
1397 1420 1628 1484 publicae
1655 1423 1906 1467 rationem

415 1490 710 1537 habeamus.
778 1490 951 1537 Etiam
989 1496 1143 1552 atque
1184 1491 1339 1536 etiam
1377 1495 1430 1534 te
1467 1486 1658 1543 hortor,
1694 1493 1754 1534 ut
1789 1502 1905 1533 cum

417 1560 555 1603 omni
583 1560 727 1619 copia
755 1573 907 1619 quam
935 1559 1153 1619 primum
1181 1555 1246 1602 ad
1271 1571 1354 1601 me
1382 1557 1567 1601 venias.
1636 1551 1904 1600 Possumus

417 1626 575 1670 etiam
606 1639 739 1669 nunc
769 1639 877 1669 rem
907 1622 1162 1686 publicam
1193 1624 1407 1685 erigere,
1438 1624 1478 1667 si
1508 1622 1761 1667 communi
1791 1635 1906 1666 con-

417 1689 526 1736 silio
579 1692 842 1753 negotium
897 1689 1386 1743 administrabimus3
1458 1690 1497 1734 si
1551 1685 1906 1742 distrahemur‚

417 1756 599 1802 infirmi
627 1759 826 1802 erimus.
898 1754 1028 1802 Mihi
1052 1754 1147 1802 hoc
1172 1757 1507 1801 constitutum
1533 1760 1626 1800 est.

481 1822 575 1868 His
610 1822 793 1869 litteris
831 1825 1028 1885 scriptis
1065 1820 1208 1868 Sicca
1245 1822 1333 1868 abs
1369 1828 1423 1867 te
1460 1819 1583 1866 mihi
1618 1819 1816 1866 litteras
1853 1823 1908 1865 et

419 1888 662 1935 mandata
684 1888 873 1935 attulit.
942 1887 1092 1947 Quod
1112 1904 1194 1934 me
1216 1887 1439 1942 hortare,
1461 1893 1520 1934 ut
1541 1889 1670 1932 istuc
1691 1887 1908 1940 veniam,

419 1955 472 2002 id
505 1971 588 2001 me
625 1954 791 2001 facere
826 1971 927 2000 non
964 1956 1178 2001 arbitror
1211 1970 1377 2017 posse,
1414 1953 1550 2017 quod
1587 1969 1688 1999 non
1721 1967 1908 2015 magno

421 2038 571 2085 opere
599 2021 674 2068 his
700 2021 979 2086 legionibus
1006 2021 1216 2068 confido.

1095 2269 1235 2316 XIId

537 2392 612 2422 CN.
649 2392 846 2424 MAGNUS
882 2391 1077 2422 PROCOS.
1115 2391 1152 2422 S.
1190 2391 1237 2421 D.
1274 2390 1315 2421 L.
1353 2389 1564 2421 DOMITIO
1599 2387 1794 2419 PROCOS.

337 2459 414 2541 Χ(
490 2482 718 2528 Litterae
755 2482 876 2528 mihi
914 2499 944 2528 a
978 2489 1033 2528 te
1069 2482 1300 2528 redditae
1339 2488 1456 2527 sunt
1493 2497 1537 2527 a.
1576 2480 1624 2527 d.
1662 2494 1755 2525 xul
1796 2476 1907 2524 Kal.

414 2543 659 2618 Qartias,
685 2551 738 2595 in
766 2550 946 2612 quibus
974 2550 1147 2595 scribis
1176 2548 1444 2595 Caesarem
1473 2546 1608 2610 apud
1636 2545 1908 2592 Corfinium

484 2619 516 2655 N

591 2736 614 2762 ’Χ

619 2767 679 2833 Nx

687 2841 695 2851 N

699 2854 706 2862 x
