1988 3008
52 884 149 932 Scr.
172 883 221 932 in

51 951 236 998 Laterio

52 1017 211 1071 Quinti
218 1017 336 1082 fra-

53 1084 136 1132 tris
153 1084 242 1130 ΙΙΙ
257 1084 379 1131 Non.

55 1150 167 1215 Apr.
189 1168 231 1198 a.
255 1152 348 1202 705

781 236 854 283 M.
901 236 1113 284 TULLI
1161 236 1522 285 CICERONIS

639 331 1139 380 EPISTULARUM
1185 333 1284 380 AD
1329 334 1646 383 ATTICUM

864 430 1070 476 LIBER
1116 430 1432 478 DECIMUS

1135 683 1159 730 I

890 796 1064 827 CICERO
1099 797 1273 828 ATTICO
1307 797 1404 828 SAL.

469 895 527 925 111
553 878 722 926 Nonas
745 895 859 925 cum
881 881 933 924 in
957 878 1218 925 Laterium
1241 877 1408 925 fratris
1433 881 1699 936 venissem,
1722 881 1892 944 accepi

405 959 601 1007 litteras
630 966 743 1006 tuas
773 966 827 1005 et
853 958 1061 1022 paulum
1088 961 1344 1021 respiravi,
1373 959 1509 1022 quod
1535 966 1650 1023 post
1677 959 1767 1007 has
1794 963 1893 1007 rui-

406 1057 495 1086 nas
532 1039 653 1086 mihi
691 1056 792 1086 non
829 1039 1098 1086 acciderat.
1168 1037 1264 1085 Per
1302 1042 1436 1086 enim
1472 1042 1643 1104 magni
1681 1043 1894 1087 aestimo

405 1121 498 1167 tibi
542 1120 903 1166 firmitudinem
945 1121 1097 1166 animi
1140 1122 1296 1166 nostri
1339 1126 1392 1166 et
1433 1118 1626 1167 factum
1666 1127 1894 1167 nostrum

404 1202 618 1265 probari.
687 1199 843 1247 Sexto
870 1202 1005 1247 enim
1029 1206 1200 1246 nostro
1225 1199 1361 1263 quod
1385 1201 1556 1247 scribis
1580 1201 1798 1264 probari,
1821 1203 1895 1248 ita

408 1282 585 1338 laetor,
611 1288 669 1328 ut
694 1298 776 1328 me
803 1283 945 1344 quasi
970 1283 1129 1344 patris
1155 1283 1279 1336 eius,
1305 1282 1383 1327 cui
1409 1297 1610 1344 semper
1634 1283 1719 1327 uni
1744 1280 1894 1344 pluri-

405 1379 544 1409 mum
579 1363 751 1418 tribui,
787 1361 972 1408 iudicio
1007 1361 1319 1424 comprobari
1356 1367 1551 1424 putem.
1619 1360 1719 1419 Qui
1754 1360 1893 1417 mihi,

407 1443 543 1506 quod
584 1459 736 1506 saepe
781 1442 916 1489 soleo
957 1441 1226 1497 reeordari,
1269 1440 1399 1487 dixit
1441 1440 1560 1488 olim
1603 1441 1758 1488 Nonis
1799 1440 1894 1488 illis

406 1524 793 1579 Decembribus,
834 1539 950 1569 eum
992 1538 1088 1586 ego
1131 1520 1158 1537 “
1183 1520 1357 1577 Sexte,
1400 1521 1642 1584 quidnam
1684 1521 1838 1586 ergo?
1862 1519 1890 1537 '⁸

407 1603 435 1620 “
453 1607 538 1667 Μὴ
560 1606 671 1667 μάν,
690 1606 855 1666 inquit
876 1602 978 1660 ille,
1001 1603 1207 1651 ἀσπουδί
1224 1624 1279 1667 γε
1305 1603 1379 1650 καὶ
1403 1606 1592 1654 ἀκλειῶς
1617 1603 1893 1665 ἀπολοίμην,

406 1687 532 1733 ἀλλὰ
554 1686 676 1749 μέγα
698 1685 833 1747 ῥέξας
854 1705 899 1732 τι
923 1683 997 1732 καὶ
1022 1683 1327 1745 ἐσσομένοισι
1349 1680 1631 1732 πυθέσθαι.”

406 1765 528 1811 Eius
562 1768 717 1828 igitur
749 1763 870 1810 mihi
905 1766 1028 1810 vivit
1062 1765 1354 1819 auctoritas,
1390 1770 1443 1809 et
1477 1761 1754 1810 simillimus
1789 1766 1894 1810 eius

407 1846 534 1892 filius
578 1845 759 1892 eodem
803 1851 880 1891 est
922 1843 1060 1907 apud
1099 1859 1182 1890 me
1224 1842 1466 1906 pondere,
1509 1859 1609 1906 quo
1651 1842 1748 1890 fuit
1791 1843 1890 1891 ille.

406 1926 573 1984 Quem
598 1925 789 1972 salvere
814 1924 964 1971 velim
987 1925 1162 1971 iubeas
1187 1923 1473 1986 plurimum.

469 2007 545 2052 Tu
579 2013 725 2053 tuum
759 2004 1020 2052 consilium
1055 2007 1150 2051 etsi
1184 2020 1285 2050 non
1318 2007 1370 2049 in
1404 2003 1733 2067 longinquum
1766 2011 1894 2052 tem-

407 2104 499 2150 pus
538 2085 704 2133 differs
743 2087 863 2148 (iam
901 2088 1036 2132 enim
1073 2084 1213 2131 illum
1252 2091 1482 2148 emptum
1518 2083 1893 2147 pacificatorem

406 2182 665 2231 perorasse
699 2173 841 2229 puto,
873 2168 974 2211 iam
1008 2171 1179 2211 actum
1212 2164 1402 2227 aliquid
1435 2178 1544 2210 esse
1577 2166 1628 2210 in
1659 2181 1894 2212 consessu

407 2255 726 2302 senatorum3
767 2252 1001 2292 senatum
1025 2248 1159 2292 enim
1182 2261 1282 2291 non
1305 2244 1468 2308 puto),
1491 2251 1666 2291 tamen
1688 2261 1893 2310 suspen-

407 2345 518 2375 sum
544 2344 715 2374 meum
751 2326 967 2382 detines,
995 2325 1086 2373 sed
1113 2341 1173 2372 eo
1200 2328 1382 2381 minUS,
1410 2324 1546 2388 quod
1572 2340 1672 2371 non
1699 2325 1893 2382 dubito,

407 2408 528 2472 quid
541 2409 683 2454 nobis
698 2406 952 2471 agendum
965 2412 1129 2469 putes.
1198 2405 1298 2464 Qui
1313 2408 1446 2452 enim
1461 2404 1630 2451 Flavio
1643 2404 1894 2469 legionem

408 2495 462 2535 et
481 2488 700 2535 Siciliam
720 2487 825 2534 dari
847 2487 1051 2543 scribas,
1071 2492 1126 2534 et
1143 2485 1196 2533 id
1214 2488 1315 2533 iam
1335 2485 1459 2542 fier-i,
1479 2501 1608 2549 quae
1629 2492 1686 2533 tu
1705 2486 1893 2534 scelera

407 2590 492 2635 272
