1988 3008
46 1192 143 1241 Scr.
179 1193 227 1241 in
261 1193 305 1240 F
303 1211 373 1240 or-

45 1260 197 1307 miano
220 1261 298 1308 IV

49 1327 117 1374 Id.
156 1328 287 1374 Febr.
328 1346 371 1375 a.

48 1396 139 1445 705

48 2094 144 2143 Scr.
181 2096 228 2143 in
263 2096 372 2143 For-

48 2163 199 2210 miano
234 2163 264 2209 Ι
270 2163 313 2210 V

49 2237 126 2276 aut
158 2229 244 2276 ΙΙΙ
273 2230 343 2277 Id.

49 2296 180 2344 Febr.
205 2314 249 2343 a.

49 2365 79 2414 7
79 2364 142 2414 05

673 227 954 276 MARCUS
998 226 1297 275 TULLIUS
1342 227 1591 276 CICERO

456 356 604 415 Quod
625 359 839 419 quaeris,
859 355 938 403 hic
959 356 1079 419 quid
1099 363 1295 420 agatur,
1315 363 1426 403 tota
1446 356 1619 420 Capua
1638 363 1691 404 et
1711 359 1870 406 omnis

391 422 471 470 hic
500 424 714 470 dilectus
742 426 902 478 iacet3
948 423 1217 486 desperata
1243 439 1321 470 res
1351 430 1445 479 est,
1472 426 1523 469 in
1551 423 1672 487 fuga
1699 441 1871 472 omnes

393 498 528 546 sunt,
552 493 643 536 nisi
667 493 751 552 qui
775 489 899 536 deus
921 489 1141 546 iuverit,l
1165 497 1222 537 ut
1246 488 1511 554 Pompeius
1533 493 1654 537 istas
1678 491 1874 538 Domiti

392 560 559 619 copias
597 573 711 602 cum
748 560 847 603 suis
885 559 1172 621 coniungat.
1241 556 1341 603 Sed
1377 556 1669 604 videbamur
1705 561 1874 605 omnia

392 623 547 670 biduo
588 623 818 670 triduove
860 626 1046 670 scituri.
1115 623 1340 670 Caesaris
1380 623 1663 671 litterarum
1705 640 1874 671 exem-

394 689 534 753 plum
564 691 658 736 tibi
690 693 829 745 misi3
878 707 1080 754 rogaras
1113 693 1262 737 enim.
1330 690 1421 737 Cui
1454 707 1542 737 nos
1574 691 1718 738 valde
1751 694 1873 738 satis

396 755 562 803 facere
592 756 737 803 multi
769 757 833 804 ad
863 774 944 804 me
975 760 1306 820 scripserunt;
1355 757 1490 821 quod
1518 761 1682 822 patior
1711 757 1875 816 facile,

397 823 518 870 dum
542 830 599 870 ut
624 823 785 870 adhuc
810 823 931 870 nihil
954 823 1135 871 faciam
1158 827 1388 888 turpiter.

1053 993 1222 1040 XXIV

881 1106 1054 1137 CICERO
1087 1105 1260 1137 ATTICO
1294 1106 1390 1137 SAL.

461 1185 711 1234 Philotimi
743 1187 945 1234 litterae
978 1204 1059 1234 me
1092 1187 1296 1250 quidem
1328 1205 1426 1234 non
1459 1191 1621 1244 nimis,
1652 1181 1742 1237 sed
1773 1205 1875 1246 eos,

398 1258 480 1317 qui
512 1258 562 1301 in
594 1253 668 1301 his
700 1255 818 1301 locis
850 1261 1011 1311 erant,
1044 1254 1314 1301 admodum
1345 1254 1677 1302 delectarunt.
1745 1256 1877 1303 Ecce

398 1321 637 1385 postridie
671 1321 824 1369 Cassii
857 1321 1059 1368 litterae
1093 1320 1266 1385 Capua
1298 1338 1327 1368 a
1361 1321 1612 1378 Lucretio,
1645 1321 1876 1370 familiari

399 1392 522 1445 eius,
546 1388 802 1453 Nigidium
826 1405 855 1435 a
879 1389 1103 1436 Domitio
1127 1388 1351 1452 Capuam
1375 1392 1583 1436 venisse.
1651 1389 1782 1437 Eum
1804 1389 1876 1437 di-

397 1472 510 1502 cere
529 1455 801 1503 Vibullium
825 1472 938 1502 cum
964 1458 1133 1518 paucis
1157 1455 1398 1503 militibus
1424 1472 1451 1503 e
1478 1454 1661 1503 Piceno
1678 1473 1876 1504 currere

397 1522 462 1569 ad
490 1522 739 1579 Gnaeum,
766 1522 1032 1570 confestim
1058 1525 1252 1586 insequi
1282 1522 1565 1579 Caesarem,
1594 1523 1875 1571 Domitium

397 1606 495 1636 non
526 1588 714 1636 habere
746 1589 959 1636 militum
994 1605 1051 1635 111
1084 1589 1233 1636 milia.
1305 1589 1446 1636 Idem
1477 1593 1671 1653 scripsit
1705 1590 1877 1654 Capua

395 1656 622 1703 consules
640 1656 937 1703 discessisse.
1007 1656 1118 1703 Non
1137 1657 1312 1704 dubito
1331 1660 1450 1719 quin
1468 1656 1670 1703 Gnaeus
1687 1660 1736 1703 in
1755 1656 1876 1722 fuga

397 1727 489 1777 sit:
539 1723 688 1770 modo
722 1722 944 1788 effugiat.
1014 1724 1123 1788 Ego
1156 1741 1185 1770 a
1217 1723 1418 1770 consilio
1451 1722 1695 1789 fugiendi,
1729 1731 1785 1772 ut
1818 1732 1874 1772 tu

395 1806 587 1847 censes,
610 1791 800 1837 absum.

1067 1898 1208 1944 XXV

881 2012 1054 2043 CICERO
1089 2010 1261 2042 ATTICO
1295 2012 1391 2043 SAL.

462 2092 588 2139 Cum
621 2093 870 2140 dedissem
905 2093 970 2140 ad
1001 2100 1054 2140 te
1088 2092 1281 2140 litteras
1314 2096 1484 2141 tristes
1519 2100 1571 2140 et
1603 2100 1777 2141 metuo
1809 2111 1874 2142 ne

400 2177 539 2206 veras
576 2160 639 2207 de
677 2160 878 2207 Lucreti
916 2159 981 2207 ad
1016 2159 1240 2207 Cassium
1275 2159 1456 2207 litteris
1493 2160 1665 2224 Capua
1699 2164 1876 2218 missis,

401 2226 640 2290 Cephalio
673 2230 810 2274 venit
842 2243 872 2273 a
903 2228 1056 2275 vobis.
1125 2226 1316 2274 Attulit
1348 2230 1503 2274 etiam
1535 2244 1565 2274 a
1595 2234 1649 2275 te
1683 2227 1876 2276 litteras

401 2293 654 2341 hilariores
677 2310 769 2341 nec
791 2301 963 2341 tamen
987 2293 1169 2351 firmas,
1191 2301 1249 2340 ut
1270 2293 1412 2340 soles.
1481 2293 1664 2341 Omnia
1684 2293 1876 2342 facilius

400 2361 605 2408 credere
621 2377 840 2424 possum,
857 2377 1009 2424 quam
1026 2360 1161 2424 quod
1176 2361 1407 2417 scribitis,
1425 2358 1718 2425 Pompeium
1735 2378 1876 2409 exer-

399 2431 555 2474 citum
579 2426 781 2475 habere.
851 2427 1012 2475 Nemo
1035 2427 1131 2475 huc
1154 2431 1227 2474 ita
1249 2427 1415 2475 adfert
1437 2431 1720 2491 omniaque,
1745 2445 1874 2492 quae

459 2525 471 2548 ¹
501 2524 581 2563 nisi
606 2524 679 2575 qui
701 2523 806 2563 deus
829 2524 986 2563 iuverit
1010 2523 1170 2574 Tyrrell
1187 2537 1200 2563 .·
1241 2524 1320 2562 nisi
1346 2522 1447 2574 quid
1471 2523 1562 2562 eius
1586 2522 1713 2563 fuerit
1737 2523 1789 2563 M
1805 2536 1821 2566 .·

695 2577 775 2616 nisi
800 2577 903 2629 quid
926 2578 1016 2616 eius
1040 2577 1156 2617 modi
1180 2576 1310 2617 fuerit
1334 2577 1574 2618 Ascensiue.

399 2661 455 2706 92
