1988 3008
706 215 991 263 MARCUS
1036 216 1340 265 TULLIUS
1386 217 1638 267 CICERO

421 358 450 389 a
482 350 537 390 te
570 343 769 391 litteras
805 344 1044 392 reddidit.
1114 345 1307 404 Quibus
1344 363 1475 410 quae
1509 347 1573 394 de
1607 347 1768 394 fratre
1801 364 1917 396 meo

418 421 611 477 scribis,
631 428 749 468 sunt
773 438 834 468 ea
856 421 1062 484 quidem
1082 438 1263 485 parum
1290 423 1450 480 firma,
1471 424 1562 471 sed
1582 423 1774 471 habent
1795 424 1915 475 nihil

419 497 640 553 ὕπουλον,
662 497 784 544 nihil
806 497 978 555 fallax,
1000 497 1124 545 nihil
1147 515 1249 547 non
1272 499 1492 547 flexibile
1522 500 1588 548 ad
1615 501 1916 558 bonitatem,

420 573 560 630 nihil,
584 574 719 638 quod
741 592 859 632 non,
883 592 983 639 quo
1006 575 1147 633 velis,
1171 593 1273 624 uno
1295 593 1529 625 sermone
1552 581 1709 640 possis
1733 578 1917 641 perdu-

420 666 565 706 oere;
611 668 675 698 ne
702 652 880 708 multa,
907 669 1082 700 omnes
1113 670 1247 710 suos,
1281 657 1439 701 etiam
1472 655 1650 718 quibus
1683 657 1916 702 irascitur

419 728 662 784 crebrius,
680 736 857 776 tamen
875 746 1016 777 caros
1035 729 1213 787 habet,
1231 747 1315 778 me
1336 731 1542 794 quidem
1560 748 1614 779 se
1634 735 1742 795 ipso
1761 735 1916 778 cario-

418 821 543 852 rem.
613 805 762 864 Quod
787 806 851 852 de
879 823 1038 870 puero
1065 806 1215 854 aliter
1241 807 1308 854 ad
1331 815 1387 855 te
1413 811 1614 871 scripsit
1642 816 1696 855 et
1723 808 1788 855 ad
1812 824 1918 855 ma-

421 889 555 928 trem
588 882 653 929 de
687 883 805 939 filio,
838 900 939 930 non
969 883 1304 947 reprehendo.
1393 885 1474 932 De
1506 888 1691 932 itinere
1711 885 1730 915 1
1765 892 1818 933 et
1851 885 1916 933 de

420 975 590 1006 sorore
617 976 747 1022 quae
771 960 966 1017 scribis,
989 960 1204 1008 molesta
1227 968 1364 1018 sunt,
1390 978 1551 1026 eoque
1575 965 1756 1026 magiS,
1782 961 1916 1026 quod

421 1056 482 1086 ea
510 1047 744 1103 tempora
774 1048 948 1087 nostra
977 1048 1114 1097 sunt,
1144 1048 1202 1088 ut
1234 1058 1330 1106 ego
1360 1045 1418 1088 iis
1450 1042 1644 1089 mederi
1676 1059 1777 1089 non
1805 1059 1917 1106 pos-

419 1120 527 1163 sim.
598 1116 728 1163 Nam
759 1124 902 1164 certe
934 1118 1200 1174 mederer3
1251 1118 1359 1175 sed,
1392 1119 1571 1182 quibus
1603 1122 1656 1165 in
1686 1118 1828 1166 malis
1862 1127 1916 1167 et

421 1210 521 1257 qua
545 1197 596 1239 in
621 1194 978 1256 desperatione
1002 1211 1174 1241 rerum
1198 1199 1371 1251 simus,
1396 1196 1550 1243 videS.

486 1270 577 1317 Illa
597 1270 661 1317 de
679 1274 876 1318 ratione
896 1275 1182 1318 nummaria
1201 1289 1301 1319 non
1321 1280 1439 1320 sunt
1459 1276 1566 1320 eius
1586 1273 1720 1320 modi
1743 1274 1916 1337 (saepe

422 1352 557 1395 enim
585 1347 734 1395 audio
764 1364 828 1395 ex
856 1349 1004 1411 ipso),
1032 1356 1090 1396 ut
1119 1365 1220 1395 non
1248 1353 1419 1412 cupiat
1447 1350 1541 1397 tibi
1569 1358 1832 1413 praestare
1862 1359 1916 1399 et

421 1429 473 1472 in
495 1442 554 1472 eo
575 1424 789 1472 laboret.
857 1424 974 1482 Sed,
996 1429 1037 1472 si
1058 1425 1181 1472 mihi
1204 1426 1266 1484 Q.
1291 1427 1450 1473 Axius
1472 1430 1525 1473 in
1545 1426 1638 1474 hac
1659 1444 1774 1474 mea
1795 1428 1916 1492 fuga

423 1501 508 1549 HS
544 1508 636 1550 >nn
675 1519 776 1548 non
809 1501 997 1559 reddit,
1033 1519 1163 1566 quae
1200 1503 1317 1550 dedi
1354 1507 1460 1550 eius
1497 1503 1596 1551 filio
1632 1512 1827 1562 mutua,
1862 1513 1916 1553 et

422 1583 583 1627 utitur
607 1582 932 1626 excusatione
956 1583 1219 1642 temporis,
1243 1583 1284 1626 si
1309 1580 1492 1643 Lepta,
1515 1584 1558 1627 si
1580 1585 1759 1639 ceteri,
1781 1582 1916 1630 soleo

421 1648 610 1713 mirari,
643 1656 708 1703 de
742 1660 911 1703 nescio
947 1660 1056 1720 quis
1093 1655 1177 1703 HS
1211 1663 1280 1703 Tx
1313 1674 1428 1704 cum
1463 1657 1612 1705 audio
1648 1674 1711 1705 ex
1745 1659 1827 1706 illo
1861 1676 1916 1707 se

422 1737 607 1797 urgeri.
660 1732 812 1780 Vides
831 1736 966 1780 enim
980 1733 1212 1796 profecto
1229 1738 1502 1798 angustias.
1553 1734 1729 1782 Curari
1742 1743 1917 1783 tamen

423 1828 484 1858 ea
510 1811 603 1857 tibi
631 1813 808 1873 utique
836 1811 994 1857 iubet.
1062 1811 1146 1856 An
1174 1814 1432 1858 existimas
1462 1811 1602 1858 illum
1628 1816 1680 1858 in
1706 1816 1803 1860 isto
1830 1830 1916 1877 ge·-

423 1904 545 1935 nere
562 1887 810 1934 lentulum
827 1895 916 1934 aut
932 1888 1259 1934 restrictum?
1320 1888 1482 1935 Nemo
1500 1896 1578 1936 est
1595 1893 1774 1937 minus,
1836 1891 1915 1937 De

419 1964 580 2011 fratre
602 1967 739 2011 satis.

489 2042 569 2088 De
594 2045 699 2088 eius
724 2045 904 2088 iuvene
930 2041 1048 2098 filio,
1071 2042 1279 2089 indulsit
1303 2042 1372 2088 illi
1399 2043 1603 2106 quidem
1626 2061 1743 2090 suus
1768 2052 1916 2107 pater

422 2135 642 2181 semper,
661 2118 751 2165 sed
772 2135 873 2165 non
893 2118 1015 2165 facit
1035 2119 1353 2183 indulgentia
1373 2120 1672 2167 mendacem
1692 2129 1780 2169 aut
1803 2139 1915 2169 ava-

422 2212 534 2242 rum
550 2202 638 2242 aut
655 2211 755 2242 non
771 2203 1029 2243 amantem
1045 2213 1268 2252 suorum,
1283 2195 1507 2244 ferocem
1530 2196 1744 2244 fortasse
1760 2206 1915 2262 atque

424 2279 748 2335 arrogantem
765 2280 818 2319 et
835 2271 1078 2320 infestum
1093 2272 1230 2320 facit.
1285 2273 1466 2337 Itaque
1483 2273 1639 2321 habet
1655 2274 1779 2321 haec
1796 2293 1912 2338 quo·
1946 2327 1947 2331 Ἰ

426 2365 542 2412 que,
565 2365 694 2412 quae
720 2357 995 2396 naseuntur
1018 2366 1081 2397 ex
1103 2350 1437 2414 indulgentia,
1458 2351 1549 2397 sed
1571 2367 1631 2397 ea
1652 2359 1769 2398 sunt
1792 2352 1916 2399 tole·
1947 2344 1954 2378 ·]

424 2425 600 2472 rabilia
631 2426 773 2489 (quid
804 2430 939 2472 enim
970 2426 1135 2473 dicam
1151 2426 1191 2490 ?)
1222 2426 1314 2474 hac
1345 2431 1637 2483 iuventute3
1689 2445 1749 2474 ea
1780 2445 1915 2484 vero,
1953 2488 1956 2489 ⁷

538 2546 552 2569 ¹
582 2546 735 2585 itinere
763 2551 871 2586 most
902 2546 1080 2587 editors:
1129 2547 1236 2586 itine
1269 2547 1385 2586 MZ:
1436 2547 1598 2595 Quinto
1631 2547 1804 2598 Tyrrell.

426 2637 515 2682 324
