1988 3042
729 209 1011 257 MARCUS
1055 208 1356 257 TULLIUS
1401 209 1653 258 CICERO

508 337 680 384 Redeo
717 337 781 384 ad
817 337 1040 384 Hirrum.
1109 337 1360 400 Coeperas
1398 353 1514 384 eum
1550 337 1669 384 mihi
1707 338 1934 400 placare3

444 434 645 497 perfice.
715 433 886 480 Habes
911 432 1155 490 Scrofam,
1178 433 1333 480 habes
1358 433 1547 482 Silium.
1618 435 1700 482 Ad
1723 451 1807 481 eos
1833 451 1930 498 ego

444 538 498 577 et
518 534 615 576 iam
635 538 787 577 antea
804 533 979 593 scripsi
999 530 1064 577 ad
1082 534 1246 593 ipsum
1264 531 1488 578 Hirrum.
1559 531 1779 579 Locutus
1800 535 1934 577 enim

446 635 557 673 erat
586 643 699 673 cum
727 630 785 673 iis
814 627 1076 674 commode
1103 643 1159 674 se
1186 631 1410 691 potuisse
1438 628 1704 691 impedire,
1731 627 1822 675 sed
1849 644 1934 675 no-

446 723 594 769 luisse
611 739 623 778 3
659 723 928 770 adsensum
944 730 1119 770 tamen
1137 739 1248 771 esse
1265 723 1463 780 Catoni,
1482 727 1782 772 amicissimo
1800 740 1932 780 meo,

444 836 558 866 cum
575 823 614 866 is
633 819 1188 867 honorificentissimam
1204 824 1255 866 in
1271 837 1353 867 me
1370 825 1679 868 sententiam
1695 821 1906 868 dixisset
1921 836 1934 876 ;

445 933 536 963 nec
570 933 651 963 me
687 917 750 963 ad
785 933 839 963 se
874 916 996 963 ullas
1032 916 1228 964 litteras
1264 921 1477 974 misisse,
1511 934 1626 965 cum
1661 918 1726 965 ad
1759 934 1931 966 omnes

444 1017 717 1060 mitterem,
789 1012 977 1060 Verum
1003 1014 1221 1061 dicebat.
1291 1014 1372 1060 Ad
1397 1030 1513 1061 eum
1539 1018 1673 1060 enim
1696 1014 1857 1062 solum
1881 1022 1934 1062 et

444 1109 509 1155 ad
555 1109 905 1172 Crassipedem
952 1127 1051 1157 non
1096 1114 1411 1173 scripseram,
1481 1111 1653 1175 Atque
1699 1110 1824 1159 haec
1870 1112 1933 1159 de

444 1206 592 1252 rebus
617 1205 928 1262 forensibus;
969 1207 1234 1253 redeamus
1260 1207 1479 1254 domum.

510 1302 787 1366 Diiungere
820 1319 901 1349 me
940 1302 1004 1349 ab
1052 1303 1133 1350 illo
1169 1303 1290 1351 volo.
1363 1303 1536 1351 Merus
1586 1311 1663 1351 est
1712 1308 1934 1369 φυρατής,

445 1414 715 1462 germanus
739 1398 1009 1446 Lartidius,

546 1511 698 1560 Ἀλλὰ
721 1514 779 1561 τὰ
802 1516 889 1575 μὲν
913 1516 1226 1577 προτετύχθαι
1255 1515 1454 1576 ἐάσομεν
1478 1516 1728 1578 ἀχνύμενοί
1744 1538 1844 1579 περ.

447 1628 655 1692 Reliqua
681 1629 1026 1692 expediamus,
1050 1629 1142 1676 hoc
1165 1634 1403 1693 primum,
1426 1631 1561 1694 quod
1584 1637 1794 1679 accessit
1816 1650 1934 1680 cura

444 1725 600 1772 dolori
622 1741 749 1773 meo.
819 1725 919 1772 Sed
937 1734 1112 1773 tamen
1130 1726 1241 1783 hoc,
1261 1728 1499 1791 quiequid
1518 1736 1614 1784 est,
1636 1727 1932 1776 Precianum

444 1838 557 1867 cum
588 1825 645 1868 iis
674 1823 968 1879 rationibus,
999 1839 1121 1886 quas
1152 1822 1234 1870 ille
1264 1840 1401 1870 meas
1431 1832 1640 1881 tractat,
1670 1825 1932 1873 admisceri

447 1919 572 1965 nolo.
642 1918 823 1982 Scripsi
852 1919 916 1966 ad
942 1919 1252 1976 Terentiam,
1278 1924 1452 1983 scripsi
1481 1925 1634 1967 etiam
1663 1922 1729 1969 ad
1754 1926 1934 1986 ipsum,

446 2031 545 2070 me,
596 2016 833 2079 quicquid
882 2021 1078 2079 possem
1131 2033 1468 2073 nummorum,
1519 2017 1582 2064 ad
1633 2026 1934 2081 apparatum

445 2115 631 2174 sperati
654 2111 895 2175 triumphi
922 2112 987 2159 ad
1008 2120 1061 2159 te
1086 2113 1422 2160 redacturum.
1474 2113 1554 2160 Ita
1573 2121 1698 2177 puto
1716 2116 1934 2178 ἄμεμπτα

448 2207 582 2262 fore3
652 2222 825 2254 verum
879 2216 936 2255 ut
990 2208 1198 2256 iubebit.
1286 2209 1430 2256 Hanc
1483 2226 1683 2274 quoque
1737 2217 1932 2275 suscipe

447 2321 636 2360 curam,
657 2320 807 2367 quem
828 2305 893 2352 ad
914 2305 1116 2352 modum
1146 2310 1480 2368 experiamur.
1534 2306 1593 2353 Id
1610 2313 1669 2354 tu
1688 2315 1741 2355 et
1766 2316 1931 2356 osten-

448 2400 563 2447 disti
591 2400 887 2463 quibusdam
917 2401 1094 2448 litteris
1122 2417 1184 2448 ex
1211 2401 1365 2465 Epiro
1383 2418 1447 2448 an
1473 2400 1686 2450 Athenis
1713 2403 1861 2462 datis,
1880 2415 1932 2454 et

449 2500 498 2542 in
523 2511 582 2543 eo
606 2511 700 2560 ego
724 2504 776 2544 te
801 2497 1061 2545 adiuvabo.

455 2599 506 2629 10
