2014 3008
99 614 197 662 Scr.
221 613 374 661 Brun-

736 221 1020 270 MARCUS
1066 222 1368 270 TULLIUS
1413 223 1665 272 CICERO

1174 422 1223 470 X

941 536 1115 567 CICERO
1150 536 1322 567 ATTICO
1357 536 1454 568 SAL.

519 618 602 666 Ad
627 634 766 665 meas
793 618 1113 664 incredibiles
1140 618 1484 681 aegritudines
1512 618 1700 682 aliquid
1726 622 1840 668 novi
1867 638 1946 668 ac-

98 681 189 729 diSi
213 681 323 728 ΧῙῙ
342 679 403 727 Κ·
454 696 591 743 cedit
626 712 688 742 ex
722 698 799 751 iis,
834 711 964 758 quae
999 695 1063 741 de
1098 694 1158 753 Q.
1196 695 1258 753 Q.
1294 695 1359 742 ad
1390 712 1472 743 me
1507 695 1818 744 adferuntur.
1888 696 1942 746 P.

98 748 231 795 Γὼγ·
262 765 305 795 a·
337 749 431 798 707
453 773 736 828 Terentius,
764 788 907 819 meus
933 775 1263 828 necessarius,
1290 789 1468 836 operas
1494 776 1546 818 in
1571 781 1721 837 portu
1750 781 1803 821 et
1829 777 1946 821 scri-

453 857 603 914 ptura
631 850 783 896 Asiae
813 866 902 912 pro
930 852 1176 913 magistro
1205 849 1362 896 dedit.
1433 850 1481 896 Is
1511 849 1759 908 Quintum
1789 851 1946 898 filium

451 926 639 990 Ephesi
688 926 813 973 vidit
859 942 910 972 vr
961 926 1079 973 Idus
1129 926 1401 973 Decembr.
1453 943 1671 991 eumque
1719 928 1944 976 studiose

451 1011 657 1068 propter
686 1005 961 1050 amicitiam
988 1010 1214 1050 nostram
1240 1005 1502 1059 invitavit3
1548 1020 1765 1068 cumque
1794 1021 1858 1052 ex
1885 1021 1945 1053 eo

450 1082 515 1128 de
546 1098 629 1128 me
660 1087 1062 1144 percontaretur,
1090 1096 1207 1127 eum
1239 1081 1332 1128 sibi
1363 1083 1437 1127 ita
1470 1081 1656 1128 dixisse
1689 1083 1945 1140 narrabat,

452 1175 504 1206 se
536 1157 658 1204 mihi
692 1174 801 1204 esse
832 1159 1248 1213 inimioissimum‚
1280 1157 1618 1221 volumenque
1651 1159 1744 1205 sibi
1778 1165 1946 1206 esten-

451 1235 582 1282 disse
605 1237 862 1290 orationis,
884 1251 1037 1297 quam
1059 1234 1194 1298 apud
1215 1234 1484 1281 Caesarem
1505 1242 1682 1282 contra
1703 1252 1787 1283 me
1811 1243 1946 1283 esset

451 1311 732 1359 habiturus.
803 1310 973 1358 Multa
1003 1328 1032 1357 a
1061 1328 1115 1358 se
1145 1311 1283 1358 dicta
1311 1319 1487 1358 contra
1517 1315 1622 1358 eius
1654 1316 1943 1360 amentiam.

453 1389 623 1436 Multa
660 1395 840 1452 postea
878 1387 1041 1435 Patris
1079 1388 1225 1435 simili
1263 1388 1451 1435 scelere
1489 1406 1659 1436 secum
1698 1389 1946 1448 Quintum

451 1474 651 1531 patrem
674 1465 928 1520 locutum3
970 1468 1109 1512 cuius
1134 1464 1354 1512 furorem
1379 1482 1443 1512 ex
1466 1468 1526 1512 iis
1551 1466 1796 1529 epistulis,
1821 1485 1944 1531 quas

453 1544 517 1591 ad
539 1551 593 1590 te
616 1545 746 1599 misi,
769 1545 1054 1606 perspicere
1076 1545 1302 1606 potuisti.
1371 1542 1514 1590 Haec
1536 1544 1631 1590 tibi
1654 1543 1811 1591 dolori
1837 1561 1945 1592 esse

451 1628 590 1668 certo
613 1623 744 1675 scio;
783 1636 866 1666 me
890 1620 1095 1683 quidem
1118 1622 1428 1675 excruciant,
1451 1627 1505 1666 et
1527 1636 1588 1667 eo
1609 1623 1789 1685 magis,
1812 1621 1946 1684 quod

451 1697 572 1744 mihi
609 1714 726 1744 cum
761 1696 855 1743 illis
891 1712 955 1743 ne
993 1696 1237 1759 querendi
1274 1696 1479 1759 quidem
1513 1696 1679 1743 locum
1714 1696 1944 1745 futurum

451 1782 589 1838 puto.

517 1852 598 1898 De
627 1850 879 1898 Africanis
906 1851 1055 1898 rebus
1083 1850 1230 1914 longe
1259 1849 1356 1897 alia
1381 1852 1540 1906 nobis,
1568 1868 1626 1898 ac
1652 1857 1708 1898 tu
1737 1855 1945 1916 scripse-

452 1946 551 1985 ras,
600 1931 915 1975 nuntiantur.
986 1926 1120 1973 Nihil
1171 1930 1306 1974 enim
1355 1927 1542 1975 firmius
1593 1945 1701 1975 esse
1752 1929 1943 1986 dicunt,

452 2005 574 2052 nihil
606 2008 846 2069 paratius.
915 2005 1131 2051 Accedit
1163 2004 1408 2068 Hispania
1440 2011 1494 2051 et
1525 2004 1746 2052 alienata
1779 2006 1945 2063 Italia,

455 2083 713 2147 legionum
748 2098 842 2128 nec
877 2084 949 2128 vis
985 2081 1165 2128 eadem
1199 2097 1293 2128 nec
1327 2081 1575 2138 voluntas,
1610 2083 1832 2130 urbanae
1867 2100 1945 2130 res

452 2159 701 2223 perditae.
772 2158 909 2217 Quid
941 2165 1035 2214 est,
1068 2159 1152 2204 ubi
1186 2161 1519 2222 acquiescam,
1550 2161 1643 2205 nisi
1677 2175 1828 2222 quam
1860 2159 1946 2206 diu

452 2243 567 2283 tuas
591 2235 789 2282 litteras
815 2235 966 2299 lego?
1035 2234 1180 2293 Quae
1207 2242 1377 2282 essent
1401 2234 1630 2298 profecto
1654 2237 1945 2294 crebriores,

455 2316 494 2359 si
521 2313 643 2376 quid
667 2312 899 2369 haberes,
927 2329 1026 2375 quo
1050 2319 1258 2376 putares
1283 2329 1451 2358 meam
1475 2312 1760 2359 molestiam
1784 2316 1942 2360 minui

454 2406 613 2453 posse.
686 2388 786 2436 Sed
806 2395 980 2436 tamen
1001 2396 1055 2436 te
1075 2406 1214 2453 rogo,
1234 2396 1292 2436 ut
1312 2405 1376 2436 ne
1397 2391 1706 2436 intermittas
1727 2391 1945 2437 scribere

454 2466 519 2512 ad
551 2483 652 2523 me,
689 2465 930 2529 quicquid
964 2468 1078 2522 erit,
1115 2482 1318 2530 eosque,
1353 2468 1438 2529 qui
1472 2465 1592 2512 mihi
1628 2473 1734 2513 tam
1769 2466 1944 2514 crude-

457 2542 573 2589 liter
598 2545 788 2590 inimici
815 2550 950 2600 sunt,
976 2546 1015 2590 si
1043 2543 1204 2590 odisse
1230 2559 1331 2590 non
1355 2550 1519 2608 potes,
1545 2559 1747 2591 accuses
1772 2549 1944 2591 tamen

453 2634 540 2691 382
